<?xml version="1.0" encoding="UTF-8"?>
<!DOCTYPE html PUBLIC "-//W3C//DTD XHTML 1.0 Transitional//EN"
    "http://www.w3.org/TR/xhtml1/DTD/xhtml1-transitional.dtd">
<html xmlns="http://www.w3.org/1999/xhtml" xml:lang="en" lang="en">
 <head>
  <title>
</title>
<meta http-equiv="Content-Type" content="text/html;charset=utf-8" />
  <meta name='ocr-system' content='tesseract 3.04.00' />
  <meta name='ocr-capabilities' content='ocr_page ocr_carea ocr_par ocr_line ocrx_word'/>
</head>
<body>
  <div class='ocr_page' id='page_1' title='image "./deherodisattici00hassgoog_0022.png"; bbox 0 0 3572 5472; ppageno 0'>
   <div class='ocr_carea' id='block_1_1' title="bbox 770 313 985 376">
    <p class='ocr_par' dir='ltr' id='par_1_1' title="bbox 770 313 985 376">
     <span class='ocr_line' id='line_1_1' title="bbox 770 313 985 376; baseline 0.009 -20"><span class='ocrx_word' id='word_1_1' title='bbox 770 313 985 376; x_wconf 71' lang='lat'>..19-</span> 
     </span>
    </p>
   </div>
   <div class='ocr_carea' id='block_1_2' title="bbox 183 467 1535 2686">
    <p class='ocr_par' dir='ltr' id='par_1_2' title="bbox 224 467 1533 981">
     <span class='ocr_line' id='line_1_2' title="bbox 227 467 1533 556; baseline 0.001 -22"><span class='ocrx_word' id='word_1_2' title='bbox 227 472 397 536; x_wconf 89' lang='lat' dir='ltr'>coniuncta</span> <span class='ocrx_word' id='word_1_3' title='bbox 420 491 546 555; x_wconf 89' lang='lat' dir='ltr'>quoque</span> <span class='ocrx_word' id='word_1_4' title='bbox 570 471 729 535; x_wconf 83' lang='lat' dir='ltr'>adiectiva</span> <span class='ocrx_word' id='word_1_5' title='bbox 752 471 914 556; x_wconf 85' lang='lat' dir='ltr'>affectant,</span> <span class='ocrx_word' id='word_1_6' title='bbox 937 471 1040 537; x_wconf 86' lang='lat' dir='ltr'>velut:</span> <span class='ocrx_word' id='word_1_7' title='bbox 1062 467 1100 536; x_wconf 86' lang='grc' dir='ltr'>τὸ</span> <span class='ocrx_word' id='word_1_8' title='bbox 1124 467 1300 556; x_wconf 82' lang='grc' dir='ltr'><strong><em>σύμμαχον</em></strong></span> <span class='ocrx_word' id='word_1_9' title='bbox 1327 469 1471 554; x_wconf 82' lang='grc' dir='ltr'><strong><em>έχγενές,</em></strong></span> <span class='ocrx_word' id='word_1_10' title='bbox 1500 475 1533 535; x_wconf 89' lang='lat' dir='ltr'>et</span> 
     </span>
     <span class='ocr_line' id='line_1_3' title="bbox 226 575 1532 663; baseline 0.002 -23"><span class='ocrx_word' id='word_1_11' title='bbox 226 577 470 642; x_wconf 87' lang='lat' dir='ltr'>enunciationes</span> <span class='ocrx_word' id='word_1_12' title='bbox 494 577 665 660; x_wconf 81' lang='lat' dir='ltr'>splendore</span> <span class='ocrx_word' id='word_1_13' title='bbox 687 580 721 641; x_wconf 89' lang='lat' dir='ltr'>et</span> <span class='ocrx_word' id='word_1_14' title='bbox 739 577 832 660; x_wconf 90' lang='lat' dir='ltr'>copia</span> <span class='ocrx_word' id='word_1_15' title='bbox 850 577 991 663; x_wconf 91' lang='lat' dir='ltr'>quadam</span> <span class='ocrx_word' id='word_1_16' title='bbox 1009 577 1162 662; x_wconf 80' lang='lat' dir='ltr'>insignes,</span> <span class='ocrx_word' id='word_1_17' title='bbox 1180 577 1283 642; x_wconf 85' lang='lat' dir='ltr'>velut:</span> <span class='ocrx_word' id='word_1_18' title='bbox 1305 575 1431 663; x_wconf 79' lang='grc' dir='ltr'><em>θεωροὶ</em></span> <span class='ocrx_word' id='word_1_19' title='bbox 1458 601 1532 642; x_wconf 88' lang='grc' dir='ltr'><strong><em>κατ-</em></strong></span> 
     </span>
     <span class='ocr_line' id='line_1_4' title="bbox 225 677 1533 769; baseline 0.002 -23"><span class='ocrx_word' id='word_1_20' title='bbox 225 681 385 766; x_wconf 83' lang='grc' dir='ltr'><strong><em>έστησαν,</em></strong></span> <span class='ocrx_word' id='word_1_21' title='bbox 414 677 477 768; x_wconf 83' lang='grc' dir='ltr'><strong><em>τὴν</em></strong></span> <span class='ocrx_word' id='word_1_22' title='bbox 503 677 667 769; x_wconf 77' lang='grc' dir='ltr'><strong><em>ἡμετέραν</em></strong></span> <span class='ocrx_word' id='word_1_23' title='bbox 695 683 915 749; x_wconf 71' lang='grc' dir='ltr'><strong><em>διδασκαλίαν</em></strong></span> <span class='ocrx_word' id='word_1_24' title='bbox 949 679 1168 767; x_wconf 75' lang='grc' dir='ltr'><strong><em>ἐπιστάμεθα,</em></strong></span> <span class='ocrx_word' id='word_1_25' title='bbox 1201 681 1381 761; x_wconf 79' lang='grc' dir='ltr'><strong><em>ἐθελοντὰς</em></strong></span> <span class='ocrx_word' id='word_1_26' title='bbox 1415 679 1533 767; x_wconf 87' lang='grc' dir='ltr'><strong><em>ὁμολο-</em></strong></span> 
     </span>
     <span class='ocr_line' id='line_1_5' title="bbox 226 783 1531 875; baseline -0.002 -21"><span class='ocrx_word' id='word_1_27' title='bbox 226 789 325 874; x_wconf 78' lang='grc' dir='ltr'><strong><em>γήσαι</em></strong></span> <span class='ocrx_word' id='word_1_28' title='bbox 358 794 591 874; x_wconf 77' lang='grc' dir='ltr'><strong><em>συμπολεμεῖν.</em></strong></span> <span class='ocrx_word' id='word_1_29' title='bbox 641 789 797 856; x_wconf 77' lang='lat' dir='ltr'>Eiusdem</span> <span class='ocrx_word' id='word_1_30' title='bbox 825 791 962 875; x_wconf 89' lang='lat' dir='ltr'>denique</span> <span class='ocrx_word' id='word_1_31' title='bbox 991 791 1120 875; x_wconf 84' lang='lat' dir='ltr'>generis</span> <span class='ocrx_word' id='word_1_32' title='bbox 1144 794 1194 855; x_wconf 90' lang='lat' dir='ltr'>est</span> <span class='ocrx_word' id='word_1_33' title='bbox 1214 790 1409 875; x_wconf 79' lang='lat' dir='ltr'><strong>hyperbole:</strong></span> <span class='ocrx_word' id='word_1_34' title='bbox 1439 783 1531 874; x_wconf 76' lang='grc' dir='ltr'><strong><em>οἶμαι</em></strong></span> 
     </span>
     <span class='ocr_line' id='line_1_6' title="bbox 224 890 1292 981; baseline 0.002 -21"><span class='ocrx_word' id='word_1_35' title='bbox 224 891 311 980; x_wconf 77' lang='grc' dir='ltr'><strong><em>ἡμᾶς</em></strong></span> <span class='ocrx_word' id='word_1_36' title='bbox 334 891 408 962; x_wconf 85' lang='grc' dir='ltr'><strong><em>οὐδ’</em></strong></span> <span class='ocrx_word' id='word_1_37' title='bbox 435 890 478 962; x_wconf 72' lang='grc' dir='ltr'><strong><em>ἂν</em></strong></span> <span class='ocrx_word' id='word_1_38' title='bbox 503 892 704 981; x_wconf 76' lang='grc' dir='ltr'><strong><em>εὐχομένους</em></strong></span> <span class='ocrx_word' id='word_1_39' title='bbox 727 891 835 974; x_wconf 80' lang='grc' dir='ltr'><strong><em>ἄλλοις</em></strong></span> <span class='ocrx_word' id='word_1_40' title='bbox 862 893 1024 976; x_wconf 75' lang='grc' dir='ltr'><strong><em>εὔξασθαι</em></strong></span> <span class='ocrx_word' id='word_1_41' title='bbox 1048 893 1292 962; x_wconf 80' lang='grc' dir='ltr'><strong><em>πολιτεύεσθαι.</em></strong></span> 
     </span>
    </p>

    <p class='ocr_par' dir='ltr' id='par_1_3' title="bbox 183 1000 1532 1124">
     <span class='ocr_line' id='line_1_7' title="bbox 183 1000 1532 1124; baseline 0.001 -58"><span class='ocrx_word' id='word_1_42' title='bbox 183 1033 197 1124; x_wconf 58' lang='grc' dir='ltr'><strong><em>μ</em></strong></span> <span class='ocrx_word' id='word_1_43' title='bbox 316 1000 518 1087; x_wconf 76' lang='lat' dir='ltr'>Compositio</span> <span class='ocrx_word' id='word_1_44' title='bbox 532 1003 690 1069; x_wconf 89' lang='lat' dir='ltr'>orationis</span> <span class='ocrx_word' id='word_1_45' title='bbox 709 1003 815 1070; x_wconf 90' lang='lat' dir='ltr'>media</span> <span class='ocrx_word' id='word_1_46' title='bbox 834 1008 884 1070; x_wconf 88' lang='lat' dir='ltr'>est</span> <span class='ocrx_word' id='word_1_47' title='bbox 903 1004 1070 1088; x_wconf 80' lang='lat' dir='ltr'><strong>quaedam,</strong></span> <span class='ocrx_word' id='word_1_48' title='bbox 1088 1004 1220 1088; x_wconf 85' lang='lat' dir='ltr'>propior</span> <span class='ocrx_word' id='word_1_49' title='bbox 1239 1008 1350 1068; x_wconf 90' lang='lat' dir='ltr'>tamen</span> <span class='ocrx_word' id='word_1_50' title='bbox 1364 1002 1532 1089; x_wconf 84' lang='grc' dir='ltr'><strong><em>είρομένχ,</em></strong></span> 
     </span>
    </p>

    <p class='ocr_par' dir='ltr' id='par_1_4' title="bbox 185 1108 1535 2686">
     <span class='ocr_line' id='line_1_8' title="bbox 185 1108 1532 1196; baseline 0 -24"><span class='ocrx_word' id='word_1_51' title='bbox 185 1127 187 1136; x_wconf 56' lang='lat'>‘</span> <span class='ocrx_word' id='word_1_52' title='bbox 226 1130 308 1193; x_wconf 89' lang='lat' dir='ltr'>quae</span> <span class='ocrx_word' id='word_1_53' title='bbox 332 1114 481 1194; x_wconf 84' lang='lat' dir='ltr'>vocatur,</span> <span class='ocrx_word' id='word_1_54' title='bbox 504 1131 602 1194; x_wconf 87' lang='lat' dir='ltr'>quam</span> <span class='ocrx_word' id='word_1_55' title='bbox 625 1108 906 1196; x_wconf 78' lang='grc' dir='ltr'><strong><em>συνεστραμμένῃ.</em></strong></span> <span class='ocrx_word' id='word_1_56' title='bbox 947 1109 1118 1176; x_wconf 87' lang='lat' dir='ltr'>Breviores</span> <span class='ocrx_word' id='word_1_57' title='bbox 1141 1111 1343 1194; x_wconf 86' lang='lat' dir='ltr'>plerumque,</span> <span class='ocrx_word' id='word_1_58' title='bbox 1366 1109 1532 1175; x_wconf 86' lang='lat' dir='ltr'>absolutas</span> 
     </span>
     <span class='ocr_line' id='line_1_9' title="bbox 227 1213 1532 1303; baseline -0.002 -22"><span class='ocrx_word' id='word_1_59' title='bbox 227 1217 405 1281; x_wconf 86' lang='lat' dir='ltr'>sententias</span> <span class='ocrx_word' id='word_1_60' title='bbox 428 1217 598 1302; x_wconf 79' lang='lat' dir='ltr'>complexi,</span> <span class='ocrx_word' id='word_1_61' title='bbox 622 1217 721 1282; x_wconf 90' lang='lat' dir='ltr'>soluti</span> <span class='ocrx_word' id='word_1_62' title='bbox 745 1221 778 1281; x_wconf 92' lang='lat' dir='ltr'>et</span> <span class='ocrx_word' id='word_1_63' title='bbox 794 1239 852 1301; x_wconf 92' lang='lat' dir='ltr'>per</span> <span class='ocrx_word' id='word_1_64' title='bbox 871 1239 905 1282; x_wconf 90' lang='lat' dir='ltr'>se</span> <span class='ocrx_word' id='word_1_65' title='bbox 925 1220 1049 1282; x_wconf 88' lang='lat' dir='ltr'>stantes</span> <span class='ocrx_word' id='word_1_66' title='bbox 1067 1221 1233 1303; x_wconf 88' lang='lat' dir='ltr'>ponuntur</span> <span class='ocrx_word' id='word_1_67' title='bbox 1252 1217 1413 1282; x_wconf 87' lang='lat' dir='ltr'>circuitus.</span> <span class='ocrx_word' id='word_1_68' title='bbox 1451 1213 1532 1280; x_wconf 79' lang='lat' dir='ltr'>Gon-</span> 
     </span>
     <span class='ocr_line' id='line_1_10' title="bbox 225 1322 1533 1408; baseline 0 -22"><span class='ocrx_word' id='word_1_69' title='bbox 225 1325 315 1387; x_wconf 88' lang='lat' dir='ltr'>torta</span> <span class='ocrx_word' id='word_1_70' title='bbox 346 1322 444 1388; x_wconf 90' lang='lat' dir='ltr'>nimis</span> <span class='ocrx_word' id='word_1_71' title='bbox 476 1326 510 1387; x_wconf 91' lang='lat' dir='ltr'>et</span> <span class='ocrx_word' id='word_1_72' title='bbox 539 1323 706 1389; x_wconf 88' lang='lat' dir='ltr'>cumulata</span> <span class='ocrx_word' id='word_1_73' title='bbox 733 1325 904 1390; x_wconf 75' lang='lat' dir='ltr'>enunciata</span> <span class='ocrx_word' id='word_1_74' title='bbox 930 1346 997 1391; x_wconf 94' lang='lat' dir='ltr'>non</span> <span class='ocrx_word' id='word_1_75' title='bbox 1025 1327 1197 1390; x_wconf 88' lang='lat' dir='ltr'>occurmnt</span> <span class='ocrx_word' id='word_1_76' title='bbox 1225 1328 1258 1389; x_wconf 93' lang='lat' dir='ltr'>et</span> <span class='ocrx_word' id='word_1_77' title='bbox 1286 1325 1389 1390; x_wconf 86' lang='lat' dir='ltr'>oratio</span> <span class='ocrx_word' id='word_1_78' title='bbox 1418 1326 1533 1408; x_wconf 90' lang='lat' dir='ltr'>sponte</span> 
     </span>
     <span class='ocr_line' id='line_1_11' title="bbox 224 1429 1534 1516; baseline 0 -24"><span class='ocrx_word' id='word_1_79' title='bbox 224 1429 261 1492; x_wconf 90' lang='lat' dir='ltr'>in</span> <span class='ocrx_word' id='word_1_80' title='bbox 280 1451 355 1494; x_wconf 88' lang='lat' dir='ltr'>suas</span> <span class='ocrx_word' id='word_1_81' title='bbox 373 1432 483 1513; x_wconf 83' lang='lat' dir='ltr'>partes</span> <span class='ocrx_word' id='word_1_82' title='bbox 502 1429 645 1496; x_wconf 89' lang='lat' dir='ltr'>discedit.</span> <span class='ocrx_word' id='word_1_83' title='bbox 685 1430 783 1496; x_wconf 90' lang='lat' dir='ltr'>Ratio</span> <span class='ocrx_word' id='word_1_84' title='bbox 806 1433 839 1495; x_wconf 92' lang='lat' dir='ltr'>et</span> <span class='ocrx_word' id='word_1_85' title='bbox 857 1431 1042 1497; x_wconf 88' lang='lat' dir='ltr'>coniunctio</span> <span class='ocrx_word' id='word_1_86' title='bbox 1061 1431 1186 1516; x_wconf 85' lang='lat' dir='ltr'>periodi</span> <span class='ocrx_word' id='word_1_87' title='bbox 1205 1431 1374 1496; x_wconf 86' lang='lat' dir='ltr'>contrariis</span> <span class='ocrx_word' id='word_1_88' title='bbox 1393 1430 1534 1494; x_wconf 85' lang='lat' dir='ltr'>maxime</span> 
     </span>
     <span class='ocr_line' id='line_1_12' title="bbox 227 1536 1534 1622; baseline 0 -23"><span class='ocrx_word' id='word_1_89' title='bbox 227 1538 261 1600; x_wconf 89' lang='lat' dir='ltr'>et</span> <span class='ocrx_word' id='word_1_90' title='bbox 287 1536 550 1602; x_wconf 73' lang='lat' dir='ltr'>contentionibus</span> <span class='ocrx_word' id='word_1_91' title='bbox 579 1536 732 1622; x_wconf 88' lang='lat' dir='ltr'>efficitur,</span> <span class='ocrx_word' id='word_1_92' title='bbox 760 1559 842 1621; x_wconf 88' lang='lat' dir='ltr'>quae</span> <span class='ocrx_word' id='word_1_93' title='bbox 869 1559 933 1602; x_wconf 93' lang='lat' dir='ltr'>uno</span> <span class='ocrx_word' id='word_1_94' title='bbox 962 1537 1030 1602; x_wconf 88' lang='lat' dir='ltr'>fere</span> <span class='ocrx_word' id='word_1_95' title='bbox 1057 1542 1169 1603; x_wconf 90' lang='lat' dir='ltr'>tenore</span> <span class='ocrx_word' id='word_1_96' title='bbox 1198 1543 1231 1602; x_wconf 86' lang='lat' dir='ltr'>et</span> <span class='ocrx_word' id='word_1_97' title='bbox 1259 1537 1329 1602; x_wconf 89' lang='lat' dir='ltr'>sine</span> <span class='ocrx_word' id='word_1_98' title='bbox 1351 1537 1534 1602; x_wconf 78' lang='lat' dir='ltr'>variatione</span> 
     </span>
     <span class='ocr_line' id='line_1_13' title="bbox 228 1641 1534 1726; baseline 0.001 -21"><span class='ocrx_word' id='word_1_99' title='bbox 228 1641 269 1706; x_wconf 92' lang='lat' dir='ltr'>ad</span> <span class='ocrx_word' id='word_1_100' title='bbox 288 1641 384 1706; x_wconf 88' lang='lat' dir='ltr'>finem</span> <span class='ocrx_word' id='word_1_101' title='bbox 403 1643 562 1726; x_wconf 86' lang='lat' dir='ltr'>prooemii</span> <span class='ocrx_word' id='word_1_102' title='bbox 580 1643 753 1726; x_wconf 87' lang='lat' dir='ltr'>pertinent.</span> <span class='ocrx_word' id='word_1_103' title='bbox 789 1641 868 1726; x_wconf 89' lang='lat' dir='ltr'>Ipsa</span> <span class='ocrx_word' id='word_1_104' title='bbox 886 1645 991 1708; x_wconf 88' lang='lat' dir='ltr'>oratio</span> <span class='ocrx_word' id='word_1_105' title='bbox 1010 1643 1166 1710; x_wconf 82' lang='lat' dir='ltr'>solutiore</span> <span class='ocrx_word' id='word_1_106' title='bbox 1186 1644 1285 1708; x_wconf 88' lang='lat' dir='ltr'>etiam</span> <span class='ocrx_word' id='word_1_107' title='bbox 1300 1643 1534 1726; x_wconf 81' lang='lat' dir='ltr'>compositione</span> 
     </span>
     <span class='ocr_line' id='line_1_14' title="bbox 225 1748 1535 1835; baseline 0.001 -23"><span class='ocrx_word' id='word_1_108' title='bbox 225 1748 327 1812; x_wconf 88' lang='lat' dir='ltr'>utitur</span> <span class='ocrx_word' id='word_1_109' title='bbox 351 1751 383 1811; x_wconf 86' lang='lat' dir='ltr'>et</span> <span class='ocrx_word' id='word_1_110' title='bbox 405 1748 546 1831; x_wconf 90' lang='lat' dir='ltr'>primum</span> <span class='ocrx_word' id='word_1_111' title='bbox 570 1748 682 1814; x_wconf 89' lang='lat' dir='ltr'>statim</span> <span class='ocrx_word' id='word_1_112' title='bbox 706 1749 912 1814; x_wconf 88' lang='lat' dir='ltr'>enunciatum</span> <span class='ocrx_word' id='word_1_113' title='bbox 941 1749 1122 1835; x_wconf 80' lang='lat' dir='ltr'>exemplum</span> <span class='ocrx_word' id='word_1_114' title='bbox 1151 1749 1409 1833; x_wconf 83' lang='lat' dir='ltr'>compositionis,</span> <span class='ocrx_word' id='word_1_115' title='bbox 1438 1770 1535 1834; x_wconf 90' lang='lat' dir='ltr'>quam</span> 
     </span>
     <span class='ocr_line' id='line_1_15' title="bbox 225 1848 1534 1942; baseline 0.002 -24"><span class='ocrx_word' id='word_1_116' title='bbox 225 1853 336 1919; x_wconf 89' lang='lat' dir='ltr'>dicunt</span> <span class='ocrx_word' id='word_1_117' title='bbox 359 1853 594 1940; x_wconf 85' lang='lat' dir='ltr'>commaticam,</span> <span class='ocrx_word' id='word_1_118' title='bbox 616 1855 758 1939; x_wconf 87' lang='lat' dir='ltr'>praebet.</span> <span class='ocrx_word' id='word_1_119' title='bbox 798 1848 912 1940; x_wconf 76' lang='grc' dir='ltr'><strong><em>Ἡμεῖς</em></strong></span> <span class='ocrx_word' id='word_1_120' title='bbox 934 1851 996 1940; x_wconf 75' lang='grc' dir='ltr'><strong><em>μέν</em></strong></span> <span class='ocrx_word' id='word_1_121' title='bbox 1014 1852 1079 1942; x_wconf 79' lang='grc' dir='ltr'>γάρ</span> <span class='ocrx_word' id='word_1_122' title='bbox 1099 1856 1185 1920; x_wconf 91' lang='lat' dir='ltr'>enim</span> <span class='ocrx_word' id='word_1_123' title='bbox 1204 1855 1394 1922; x_wconf 89' lang='lat' dir='ltr'>inconcinne</span> <span class='ocrx_word' id='word_1_124' title='bbox 1413 1854 1534 1920; x_wconf 90' lang='lat' dir='ltr'>dictum</span> 
     </span>
     <span class='ocr_line' id='line_1_16' title="bbox 226 1959 1534 2048; baseline 0.002 -24"><span class='ocrx_word' id='word_1_125' title='bbox 226 1965 290 2042; x_wconf 90' lang='lat' dir='ltr'>est,</span> <span class='ocrx_word' id='word_1_126' title='bbox 317 1959 379 2045; x_wconf 89' lang='grc' dir='ltr'><strong><em>μέν</em></strong></span> <span class='ocrx_word' id='word_1_127' title='bbox 401 1961 594 2044; x_wconf 88' lang='lat' dir='ltr'>particulam</span> <span class='ocrx_word' id='word_1_128' title='bbox 618 1959 671 2044; x_wconf 83' lang='grc' dir='ltr'>δέ,</span> <span class='ocrx_word' id='word_1_129' title='bbox 696 1962 782 2046; x_wconf 86' lang='lat' dir='ltr'>quod</span> <span class='ocrx_word' id='word_1_130' title='bbox 804 1963 1012 2048; x_wconf 89' lang='lat' dir='ltr'>respondeat,</span> <span class='ocrx_word' id='word_1_131' title='bbox 1039 1985 1106 2028; x_wconf 94' lang='lat' dir='ltr'>non</span> <span class='ocrx_word' id='word_1_132' title='bbox 1130 1963 1289 2048; x_wconf 90' lang='lat' dir='ltr'>sequitur,</span> <span class='ocrx_word' id='word_1_133' title='bbox 1317 1962 1373 2028; x_wconf 91' lang='lat' dir='ltr'>sed</span> <span class='ocrx_word' id='word_1_134' title='bbox 1396 1961 1534 2026; x_wconf 90' lang='lat' dir='ltr'>alterum</span> 
     </span>
     <span class='ocr_line' id='line_1_17' title="bbox 226 2067 1535 2153; baseline 0.002 -23"><span class='ocrx_word' id='word_1_135' title='bbox 226 2067 407 2132; x_wconf 87' lang='lat' dir='ltr'>membrum</span> <span class='ocrx_word' id='word_1_136' title='bbox 431 2068 607 2152; x_wconf 75' lang='lat' dir='ltr'>enuntiati,</span> <span class='ocrx_word' id='word_1_137' title='bbox 630 2067 715 2152; x_wconf 90' lang='lat' dir='ltr'>quod</span> <span class='ocrx_word' id='word_1_138' title='bbox 739 2069 844 2134; x_wconf 90' lang='lat' dir='ltr'>multo</span> <span class='ocrx_word' id='word_1_139' title='bbox 868 2069 968 2134; x_wconf 90' lang='lat' dir='ltr'>latius</span> <span class='ocrx_word' id='word_1_140' title='bbox 987 2072 1086 2153; x_wconf 87' lang='lat' dir='ltr'>patet,</span> <span class='ocrx_word' id='word_1_141' title='bbox 1109 2067 1147 2134; x_wconf 87' lang='grc' dir='ltr'>τέ</span> <span class='ocrx_word' id='word_1_142' title='bbox 1165 2070 1325 2153; x_wconf 89' lang='lat' dir='ltr'>particula</span> <span class='ocrx_word' id='word_1_143' title='bbox 1343 2069 1535 2134; x_wconf 82' lang='lat' dir='ltr'>annectitur.</span> 
     </span>
     <span class='ocr_line' id='line_1_18' title="bbox 226 2173 1535 2258; baseline 0.001 -21"><span class='ocrx_word' id='word_1_144' title='bbox 226 2173 330 2250; x_wconf 77' lang='lat' dir='ltr'>Quam</span> <span class='ocrx_word' id='word_1_145' title='bbox 369 2173 498 2258; x_wconf 87' lang='lat' dir='ltr'>quidem</span> <span class='ocrx_word' id='word_1_146' title='bbox 536 2174 748 2258; x_wconf 87' lang='lat' dir='ltr'>componendi</span> <span class='ocrx_word' id='word_1_147' title='bbox 788 2175 946 2240; x_wconf 86' lang='lat' dir='ltr'>rationem</span> <span class='ocrx_word' id='word_1_148' title='bbox 979 2176 1205 2240; x_wconf 87' lang='lat' dir='ltr'>commaticam</span> <span class='ocrx_word' id='word_1_149' title='bbox 1238 2179 1272 2240; x_wconf 89' lang='lat' dir='ltr'>et</span> <span class='ocrx_word' id='word_1_150' title='bbox 1304 2177 1445 2242; x_wconf 90' lang='lat' dir='ltr'>solutam</span> <span class='ocrx_word' id='word_1_151' title='bbox 1478 2196 1535 2258; x_wconf 93' lang='lat' dir='ltr'>per</span> 
     </span>
     <span class='ocr_line' id='line_1_19' title="bbox 226 2280 1535 2366; baseline -0.001 -22"><span class='ocrx_word' id='word_1_152' title='bbox 226 2284 330 2344; x_wconf 90' lang='lat' dir='ltr'>totam</span> <span class='ocrx_word' id='word_1_153' title='bbox 359 2280 539 2344; x_wconf 89' lang='lat' dir='ltr'>orationem</span> <span class='ocrx_word' id='word_1_154' title='bbox 566 2281 673 2346; x_wconf 84' lang='lat' dir='ltr'>valere</span> <span class='ocrx_word' id='word_1_155' title='bbox 702 2281 837 2365; x_wconf 85' lang='lat' dir='ltr'>longum</span> <span class='ocrx_word' id='word_1_156' title='bbox 865 2288 898 2346; x_wconf 90' lang='lat' dir='ltr'>et</span> <span class='ocrx_word' id='word_1_157' title='bbox 927 2303 1201 2366; x_wconf 86' lang='lat' dir='ltr'>supervacaneum</span> <span class='ocrx_word' id='word_1_158' title='bbox 1227 2285 1278 2346; x_wconf 93' lang='lat' dir='ltr'>est</span> <span class='ocrx_word' id='word_1_159' title='bbox 1301 2281 1535 2363; x_wconf 87' lang='lat' dir='ltr'>demonstrare,</span> 
     </span>
     <span class='ocr_line' id='line_1_20' title="bbox 225 2385 1534 2473; baseline -0.002 -21"><span class='ocrx_word' id='word_1_160' title='bbox 225 2409 298 2452; x_wconf 92' lang='lat' dir='ltr'>cum</span> <span class='ocrx_word' id='word_1_161' title='bbox 317 2387 413 2452; x_wconf 88' lang='lat' dir='ltr'>facile</span> <span class='ocrx_word' id='word_1_162' title='bbox 432 2391 596 2470; x_wconf 87' lang='lat' dir='ltr'>appareat.</span> <span class='ocrx_word' id='word_1_163' title='bbox 633 2385 677 2472; x_wconf 82' lang='lat' dir='ltr'>si,</span> <span class='ocrx_word' id='word_1_164' title='bbox 700 2388 784 2473; x_wconf 92' lang='lat' dir='ltr'>quod</span> <span class='ocrx_word' id='word_1_165' title='bbox 808 2389 913 2453; x_wconf 85' lang='lat' dir='ltr'>rarius</span> <span class='ocrx_word' id='word_1_166' title='bbox 937 2387 1063 2473; x_wconf 89' lang='lat' dir='ltr'>accidit,</span> <span class='ocrx_word' id='word_1_167' title='bbox 1086 2389 1225 2454; x_wconf 88' lang='lat' dir='ltr'>maiores</span> <span class='ocrx_word' id='word_1_168' title='bbox 1248 2391 1358 2472; x_wconf 89' lang='lat' dir='ltr'>partes</span> <span class='ocrx_word' id='word_1_169' title='bbox 1381 2387 1415 2452; x_wconf 95' lang='lat' dir='ltr'>in</span> <span class='ocrx_word' id='word_1_170' title='bbox 1434 2409 1534 2450; x_wconf 92' lang='lat' dir='ltr'>unum</span> 
     </span>
     <span class='ocr_line' id='line_1_21' title="bbox 227 2492 1535 2580; baseline 0 -24"><span class='ocrx_word' id='word_1_171' title='bbox 227 2494 396 2558; x_wconf 85' lang='lat' dir='ltr'>circuitum</span> <span class='ocrx_word' id='word_1_172' title='bbox 429 2495 701 2579; x_wconf 87' lang='lat' dir='ltr'>comprehendere</span> <span class='ocrx_word' id='word_1_173' title='bbox 732 2498 869 2560; x_wconf 88' lang='lat' dir='ltr'>conatur</span> <span class='ocrx_word' id='word_1_174' title='bbox 900 2499 1024 2579; x_wconf 87' lang='lat' dir='ltr'>noster,</span> <span class='ocrx_word' id='word_1_175' title='bbox 1057 2495 1097 2558; x_wconf 83' lang='lat' dir='ltr'>ad</span> <span class='ocrx_word' id='word_1_176' title='bbox 1129 2494 1354 2580; x_wconf 80' lang='lat' dir='ltr'>coniungenda</span> <span class='ocrx_word' id='word_1_177' title='bbox 1381 2492 1535 2577; x_wconf 89' lang='lat' dir='ltr'>membra,</span> 
     </span>
     <span class='ocr_line' id='line_1_22' title="bbox 226 2601 1534 2686; baseline -0.002 -20"><span class='ocrx_word' id='word_1_178' title='bbox 226 2623 308 2684; x_wconf 90' lang='lat' dir='ltr'>quae</span> <span class='ocrx_word' id='word_1_179' title='bbox 341 2601 404 2666; x_wconf 91' lang='lat' dir='ltr'>sibi</span> <span class='ocrx_word' id='word_1_180' title='bbox 433 2601 644 2686; x_wconf 90' lang='lat' dir='ltr'>respondent,</span> <span class='ocrx_word' id='word_1_181' title='bbox 676 2602 853 2686; x_wconf 81' lang='lat' dir='ltr'>particulae</span> <span class='ocrx_word' id='word_1_182' title='bbox 885 2601 1014 2686; x_wconf 87' lang='lat' dir='ltr'>quidem</span> <span class='ocrx_word' id='word_1_183' title='bbox 1045 2601 1251 2685; x_wconf 86' lang='lat' dir='ltr'>adhibentur,</span> <span class='ocrx_word' id='word_1_184' title='bbox 1283 2601 1429 2684; x_wconf 90' lang='lat' dir='ltr'>ipsorum</span> <span class='ocrx_word' id='word_1_185' title='bbox 1458 2620 1534 2664; x_wconf 84' lang='lat' dir='ltr'>vero</span> 
     </span>
    </p>
   </div>
   <div class='ocr_carea' id='block_1_3' title="bbox 227 2701 1535 2794">
    <p class='ocr_par' dir='ltr' id='par_1_5' title="bbox 227 2701 1535 2794">
     <span class='ocr_line' id='line_1_23' title="bbox 227 2701 1535 2794; baseline -0.003 -22"><span class='ocrx_word' id='word_1_186' title='bbox 227 2707 445 2774; x_wconf 89' lang='lat' dir='ltr'>membrorum</span> <span class='ocrx_word' id='word_1_187' title='bbox 474 2709 685 2793; x_wconf 82' lang='lat' dir='ltr'>congruentia</span> <span class='ocrx_word' id='word_1_188' title='bbox 713 2701 904 2794; x_wconf 87' lang='lat' dir='ltr'>expeditiori</span> <span class='ocrx_word' id='word_1_189' title='bbox 927 2713 961 2773; x_wconf 87' lang='lat' dir='ltr'>ot</span> <span class='ocrx_word' id='word_1_190' title='bbox 987 2708 1151 2794; x_wconf 77' lang='lat' dir='ltr'>viridiori,</span> <span class='ocrx_word' id='word_1_191' title='bbox 1183 2729 1278 2792; x_wconf 86' lang='lat' dir='ltr'>saepe</span> <span class='ocrx_word' id='word_1_192' title='bbox 1311 2707 1408 2772; x_wconf 80' lang='lat' dir='ltr'>etiam</span> <span class='ocrx_word' id='word_1_193' title='bbox 1438 2705 1535 2790; x_wconf 86' lang='lat' dir='ltr'>plane</span> 
     </span>
    </p>
   </div>
   <div class='ocr_carea' id='block_1_4' title="bbox 225 2811 1536 4814">
    <p class='ocr_par' dir='ltr' id='par_1_6' title="bbox 225 2811 1536 4814">
     <span class='ocr_line' id='line_1_24' title="bbox 226 2811 1536 2900; baseline -0.003 -21"><span class='ocrx_word' id='word_1_194' title='bbox 226 2814 353 2880; x_wconf 87' lang='lat' dir='ltr'>solutae</span> <span class='ocrx_word' id='word_1_195' title='bbox 385 2817 565 2880; x_wconf 84' lang='lat' dir='ltr'>structurae</span> <span class='ocrx_word' id='word_1_196' title='bbox 593 2817 662 2880; x_wconf 87' lang='lat' dir='ltr'>sine</span> <span class='ocrx_word' id='word_1_197' title='bbox 692 2814 894 2881; x_wconf 89' lang='lat' dir='ltr'>dubitatione</span> <span class='ocrx_word' id='word_1_198' title='bbox 921 2814 1135 2900; x_wconf 88' lang='lat' dir='ltr'>posthabetur</span> <span class='ocrx_word' id='word_1_199' title='bbox 1163 2819 1197 2881; x_wconf 92' lang='lat' dir='ltr'>et</span> <span class='ocrx_word' id='word_1_200' title='bbox 1224 2813 1434 2879; x_wconf 90' lang='lat' dir='ltr'>condonatur.</span> <span class='ocrx_word' id='word_1_201' title='bbox 1484 2811 1536 2876; x_wconf 88' lang='lat' dir='ltr'>Ita</span> 
     </span>
     <span class='ocr_line' id='line_1_25' title="bbox 225 2913 1534 3006; baseline -0.002 -22"><span class='ocrx_word' id='word_1_202' title='bbox 225 2921 259 2985; x_wconf 93' lang='lat' dir='ltr'>in</span> <span class='ocrx_word' id='word_1_203' title='bbox 284 2921 467 2986; x_wconf 77' lang='lat' dir='ltr'>enuntiato:</span> <span class='ocrx_word' id='word_1_204' title='bbox 499 2916 659 3005; x_wconf 83' lang='grc' dir='ltr'><strong><em>ήκίστατο</em></strong></span> <span class='ocrx_word' id='word_1_205' title='bbox 682 2917 763 3006; x_wconf 76' lang='grc' dir='ltr'><strong><em>γάρ,</em></strong></span> <span class='ocrx_word' id='word_1_206' title='bbox 792 2916 844 2986; x_wconf 85' lang='grc' dir='ltr'>ὅτι</span> <span class='ocrx_word' id='word_1_207' title='bbox 870 2931 940 2998; x_wconf 77' lang='grc' dir='ltr'><strong><em>τοῖς</em></strong></span> <span class='ocrx_word' id='word_1_208' title='bbox 967 2915 1095 3004; x_wconf 80' lang='grc' dir='ltr'><strong><em>ὀλίγοις</em></strong></span> <span class='ocrx_word' id='word_1_209' title='bbox 1117 2917 1178 3004; x_wconf 80' lang='grc' dir='ltr'><strong><em>μέν</em></strong></span> <span class='ocrx_word' id='word_1_210' title='bbox 1202 2916 1410 3005; x_wconf 80' lang='grc' dir='ltr'><strong><em>ἐπιχειρήσας</em></strong></span> <span class='ocrx_word' id='word_1_211' title='bbox 1432 2913 1534 2982; x_wconf 73' lang='grc' dir='ltr'><strong><em>οὐδέν</em></strong></span> 
     </span>
     <span class='ocr_line' id='line_1_26' title="bbox 226 3016 1535 3114; baseline 0 -24"><span class='ocrx_word' id='word_1_212' title='bbox 226 3019 269 3091; x_wconf 75' lang='grc' dir='ltr'><strong><em>ἂν</em></strong></span> <span class='ocrx_word' id='word_1_213' title='bbox 288 3025 438 3109; x_wconf 75' lang='grc' dir='ltr'><strong><em>ἔπραξεν,</em></strong></span> <span class='ocrx_word' id='word_1_214' title='bbox 462 3016 510 3092; x_wconf 75' lang='grc' dir='ltr'><strong><em>ὧν</em></strong></span> <span class='ocrx_word' id='word_1_215' title='bbox 530 3024 697 3112; x_wconf 83' lang='grc' dir='ltr'><strong><em>ἐβούλετο,</em></strong></span> <span class='ocrx_word' id='word_1_216' title='bbox 722 3023 814 3114; x_wconf 85' lang='grc' dir='ltr'><strong><em>(τοὺς</em></strong></span> <span class='ocrx_word' id='word_1_217' title='bbox 832 3024 897 3113; x_wconf 75' lang='grc' dir='ltr'>γὰρ</span> <span class='ocrx_word' id='word_1_218' title='bbox 916 3023 1180 3112; x_wconf 75' lang='grc' dir='ltr'><strong><em>ἀσθενεστέρους</em></strong></span> <span class='ocrx_word' id='word_1_219' title='bbox 1199 3021 1535 3110; x_wconf 81' lang='grc' dir='ltr'><strong><em>συχκαταπολεμήσας</em></strong></span> 
     </span>
     <span class='ocr_line' id='line_1_27' title="bbox 227 3123 1534 3219; baseline -0.002 -21"><span class='ocrx_word' id='word_1_220' title='bbox 227 3127 288 3198; x_wconf 79' lang='grc' dir='ltr'>οὐκ</span> <span class='ocrx_word' id='word_1_221' title='bbox 312 3129 426 3218; x_wconf 75' lang='grc' dir='ltr'><strong><em>ἄρξειν</em></strong></span> <span class='ocrx_word' id='word_1_222' title='bbox 448 3135 517 3199; x_wconf 73' lang='grc' dir='ltr'><strong><em>τῶν</em></strong></span> <span class='ocrx_word' id='word_1_223' title='bbox 540 3130 707 3200; x_wconf 83' lang='grc' dir='ltr'><strong><em>πλειόνων</em></strong></span> <span class='ocrx_word' id='word_1_224' title='bbox 732 3135 882 3218; x_wconf 81' lang='grc' dir='ltr'><strong><em>ἔμελλεν,</em></strong></span> <span class='ocrx_word' id='word_1_225' title='bbox 911 3132 1021 3200; x_wconf 85' lang='grc' dir='ltr'><strong><em>ίκανολ</em></strong></span> <span class='ocrx_word' id='word_1_226' title='bbox 1044 3129 1108 3219; x_wconf 78' lang='grc' dir='ltr'>γὰρ</span> <span class='ocrx_word' id='word_1_227' title='bbox 1136 3123 1224 3217; x_wconf 82' lang='grc' dir='ltr'><strong><em>ἦσαν</em></strong></span> <span class='ocrx_word' id='word_1_228' title='bbox 1251 3126 1294 3199; x_wconf 82' lang='grc' dir='ltr'><strong><em>διν</em></strong></span> <span class='ocrx_word' id='word_1_229' title='bbox 1323 3126 1426 3197; x_wconf 83' lang='grc' dir='ltr'><strong><em>αὐτὸν</em></strong></span> <span class='ocrx_word' id='word_1_230' title='bbox 1452 3125 1534 3215; x_wconf 78' lang='grc' dir='ltr'><strong><em>ἀμύ-</em></strong></span> 
     </span>
     <span class='ocr_line' id='line_1_28' title="bbox 225 3235 1535 3328; baseline -0.002 -23"><span class='ocrx_word' id='word_1_231' title='bbox 225 3238 379 3328; x_wconf 88' lang='grc' dir='ltr'><strong><em>νασθαι)·</em></strong></span> <span class='ocrx_word' id='word_1_232' title='bbox 417 3242 449 3306; x_wconf 86' lang='grc' dir='ltr'>εί</span> <span class='ocrx_word' id='word_1_233' title='bbox 469 3237 506 3306; x_wconf 74' lang='grc' dir='ltr'>δέ</span> <span class='ocrx_word' id='word_1_234' title='bbox 525 3237 604 3318; x_wconf 79' lang='grc' dir='ltr'><strong><em>τοὺς</em></strong></span> <span class='ocrx_word' id='word_1_235' title='bbox 621 3235 766 3317; x_wconf 78' lang='grc' dir='ltr'><strong><em>πολλοὺς</em></strong></span> <span class='ocrx_word' id='word_1_236' title='bbox 783 3235 864 3326; x_wconf 82' lang='grc' dir='ltr'><strong><em>μετὰ</em></strong></span> <span class='ocrx_word' id='word_1_237' title='bbox 882 3241 951 3306; x_wconf 76' lang='grc' dir='ltr'><strong><em>τῶν</em></strong></span> <span class='ocrx_word' id='word_1_238' title='bbox 971 3235 1096 3324; x_wconf 81' lang='grc' dir='ltr'><strong><em>ὀλίγον</em></strong></span> <span class='ocrx_word' id='word_1_239' title='bbox 1114 3238 1386 3325; x_wconf 80' lang='grc' dir='ltr'><strong><em>καταστρέψαιτο,</em></strong></span> <span class='ocrx_word' id='word_1_240' title='bbox 1410 3235 1535 3325; x_wconf 73' lang='grc' dir='ltr'><strong><em>ῥᾳδίως</em></strong></span> 
     </span>
     <span class='ocr_line' id='line_1_29' title="bbox 226 3343 1534 3436; baseline -0.002 -24"><span class='ocrx_word' id='word_1_241' title='bbox 226 3343 384 3414; x_wconf 78' lang='grc' dir='ltr'><strong><em>ἁπάντων</em></strong></span> <span class='ocrx_word' id='word_1_242' title='bbox 412 3343 495 3436; x_wconf 75' lang='grc' dir='ltr'><strong><em>ς’όετο</em></strong></span> <span class='ocrx_word' id='word_1_243' title='bbox 523 3346 714 3432; x_wconf 79' lang='grc' dir='ltr'><strong><em>κρατήσεινι</em></strong></span> <span class='ocrx_word' id='word_1_244' title='bbox 746 3347 893 3412; x_wconf 89' lang='lat' dir='ltr'>membra</span> <span class='ocrx_word' id='word_1_245' title='bbox 925 3347 989 3412; x_wconf 87' lang='lat' dir='ltr'>sibi</span> <span class='ocrx_word' id='word_1_246' title='bbox 1021 3347 1251 3432; x_wconf 89' lang='lat' dir='ltr'>respondentia</span> <span class='ocrx_word' id='word_1_247' title='bbox 1277 3345 1445 3431; x_wconf 87' lang='lat' dir='ltr'>particulis</span> <span class='ocrx_word' id='word_1_248' title='bbox 1472 3344 1534 3428; x_wconf 84' lang='grc' dir='ltr'><strong><em>μέν</em></strong></span> 
     </span>
     <span class='ocr_line' id='line_1_30' title="bbox 227 3452 1534 3540; baseline -0.002 -22"><span class='ocrx_word' id='word_1_249' title='bbox 227 3458 260 3518; x_wconf 92' lang='lat' dir='ltr'>et</span> <span class='ocrx_word' id='word_1_250' title='bbox 283 3452 323 3518; x_wconf 84' lang='grc' dir='ltr'>δέ</span> <span class='ocrx_word' id='word_1_251' title='bbox 343 3455 415 3518; x_wconf 88' lang='lat' dir='ltr'>laxe</span> <span class='ocrx_word' id='word_1_252' title='bbox 438 3453 686 3540; x_wconf 81' lang='lat' dir='ltr'>coniunguntur.</span> <span class='ocrx_word' id='word_1_253' title='bbox 731 3453 854 3519; x_wconf 79' lang='lat' dir='ltr'>Tamen</span> <span class='ocrx_word' id='word_1_254' title='bbox 876 3453 978 3537; x_wconf 88' lang='lat' dir='ltr'>priori</span> <span class='ocrx_word' id='word_1_255' title='bbox 1001 3453 1063 3518; x_wconf 92' lang='lat' dir='ltr'>duo</span> <span class='ocrx_word' id='word_1_256' title='bbox 1088 3453 1172 3538; x_wconf 91' lang='lat' dir='ltr'>cola,</span> <span class='ocrx_word' id='word_1_257' title='bbox 1201 3475 1337 3539; x_wconf 85' lang='lat' dir='ltr'>quorum</span> <span class='ocrx_word' id='word_1_258' title='bbox 1362 3455 1534 3536; x_wconf 89' lang='lat' dir='ltr'>utrumque</span> 
     </span>
     <span class='ocr_line' id='line_1_31' title="bbox 225 3557 1535 3646; baseline -0.002 -22"><span class='ocrx_word' id='word_1_259' title='bbox 225 3557 290 3646; x_wconf 77' lang='grc' dir='ltr'>γάρ</span> <span class='ocrx_word' id='word_1_260' title='bbox 314 3561 476 3644; x_wconf 87' lang='lat' dir='ltr'>particula</span> <span class='ocrx_word' id='word_1_261' title='bbox 498 3561 623 3646; x_wconf 90' lang='lat' dir='ltr'>incipit,</span> <span class='ocrx_word' id='word_1_262' title='bbox 647 3561 818 3645; x_wconf 91' lang='lat' dir='ltr'>adduntur,</span> <span class='ocrx_word' id='word_1_263' title='bbox 841 3560 956 3644; x_wconf 88' lang='lat' dir='ltr'>quibus</span> <span class='ocrx_word' id='word_1_264' title='bbox 979 3560 1181 3644; x_wconf 89' lang='lat' dir='ltr'>interpositis</span> <span class='ocrx_word' id='word_1_265' title='bbox 1205 3563 1238 3624; x_wconf 92' lang='lat' dir='ltr'>et</span> <span class='ocrx_word' id='word_1_266' title='bbox 1255 3563 1419 3626; x_wconf 88' lang='lat' dir='ltr'>structura</span> <span class='ocrx_word' id='word_1_267' title='bbox 1436 3557 1535 3642; x_wconf 89' lang='lat' dir='ltr'>parti·</span> 
     </span>
     <span class='ocr_line' id='line_1_32' title="bbox 227 3663 1534 3753; baseline -0.004 -21"><span class='ocrx_word' id='word_1_268' title='bbox 227 3667 336 3751; x_wconf 90' lang='lat' dir='ltr'>cipiali</span> <span class='ocrx_word' id='word_1_269' title='bbox 355 3663 592 3753; x_wconf 80' lang='grc' dir='ltr'><strong><em>(ἐπιχειρήσας)</em></strong></span> <span class='ocrx_word' id='word_1_270' title='bbox 612 3689 686 3732; x_wconf 91' lang='lat' dir='ltr'>cum</span> <span class='ocrx_word' id='word_1_271' title='bbox 709 3667 773 3732; x_wconf 91' lang='lat' dir='ltr'>alia</span> <span class='ocrx_word' id='word_1_272' title='bbox 791 3668 991 3732; x_wconf 89' lang='lat' dir='ltr'>commutata</span> <span class='ocrx_word' id='word_1_273' title='bbox 1010 3663 1055 3749; x_wconf 87' lang='grc' dir='ltr'>(εί</span> <span class='ocrx_word' id='word_1_274' title='bbox 1071 3663 1349 3751; x_wconf 79' lang='grc' dir='ltr'><strong><em>καταστρέψαιτο)</em></strong></span> <span class='ocrx_word' id='word_1_275' title='bbox 1373 3663 1534 3729; x_wconf 86' lang='lat' dir='ltr'>alacritati</span> 
     </span>
     <span class='ocr_line' id='line_1_33' title="bbox 228 3766 1534 3858; baseline -0.002 -20"><span class='ocrx_word' id='word_1_276' title='bbox 228 3777 262 3838; x_wconf 88' lang='lat' dir='ltr'>et</span> <span class='ocrx_word' id='word_1_277' title='bbox 294 3773 497 3858; x_wconf 86' lang='lat' dir='ltr'>simplicitati</span> <span class='ocrx_word' id='word_1_278' title='bbox 529 3773 660 3838; x_wconf 86' lang='lat' dir='ltr'>nativae</span> <span class='ocrx_word' id='word_1_279' title='bbox 693 3772 797 3837; x_wconf 92' lang='lat' dir='ltr'>omnis</span> <span class='ocrx_word' id='word_1_280' title='bbox 830 3773 1042 3857; x_wconf 85' lang='lat' dir='ltr'>congruentia</span> <span class='ocrx_word' id='word_1_281' title='bbox 1073 3772 1283 3838; x_wconf 87' lang='lat' dir='ltr'>condonatur.</span> <span class='ocrx_word' id='word_1_282' title='bbox 1317 3808 1353 3817; x_wconf 91' lang='lat'><em>-</em></span> <span class='ocrx_word' id='word_1_283' title='bbox 1386 3766 1534 3836; x_wconf 82' lang='lat' dir='ltr'>Eandem</span> 
     </span>
     <span class='ocr_line' id='line_1_34' title="bbox 228 3877 1534 3964; baseline -0.002 -20"><span class='ocrx_word' id='word_1_284' title='bbox 228 3880 358 3945; x_wconf 89' lang='lat' dir='ltr'>maioris</span> <span class='ocrx_word' id='word_1_285' title='bbox 382 3879 547 3944; x_wconf 88' lang='lat' dir='ltr'>enunciati</span> <span class='ocrx_word' id='word_1_286' title='bbox 570 3877 861 3962; x_wconf 90' lang='lat' dir='ltr'>comprehendendi</span> <span class='ocrx_word' id='word_1_287' title='bbox 883 3879 1043 3944; x_wconf 89' lang='lat' dir='ltr'>rationem</span> <span class='ocrx_word' id='word_1_288' title='bbox 1067 3880 1221 3964; x_wconf 93' lang='lat' dir='ltr'>solutam,</span> <span class='ocrx_word' id='word_1_289' title='bbox 1248 3881 1286 3943; x_wconf 92' lang='lat' dir='ltr'>ut</span> <span class='ocrx_word' id='word_1_290' title='bbox 1308 3877 1373 3942; x_wconf 86' lang='lat' dir='ltr'>alia</span> <span class='ocrx_word' id='word_1_291' title='bbox 1393 3881 1534 3962; x_wconf 86' lang='lat' dir='ltr'>praeter·</span> 
     </span>
     <span class='ocr_line' id='line_1_35' title="bbox 228 3975 1535 4070; baseline -0.002 -20"><span class='ocrx_word' id='word_1_292' title='bbox 228 3985 365 4070; x_wconf 91' lang='lat' dir='ltr'>mittam,</span> <span class='ocrx_word' id='word_1_293' title='bbox 389 3985 448 4050; x_wconf 91' lang='lat' dir='ltr'>sub</span> <span class='ocrx_word' id='word_1_294' title='bbox 472 3975 570 4052; x_wconf 88' lang='lat' dir='ltr'>finem</span> <span class='ocrx_word' id='word_1_295' title='bbox 594 3984 752 4050; x_wconf 88' lang='lat' dir='ltr'>orationis</span> <span class='ocrx_word' id='word_1_296' title='bbox 774 3985 837 4050; x_wconf 88' lang='lat' dir='ltr'>hoo</span> <span class='ocrx_word' id='word_1_297' title='bbox 860 3985 1042 4067; x_wconf 84' lang='lat' dir='ltr'>exemplum</span> <span class='ocrx_word' id='word_1_298' title='bbox 1064 3985 1211 4068; x_wconf 88' lang='lat' dir='ltr'>praebet:</span> <span class='ocrx_word' id='word_1_299' title='bbox 1235 3986 1280 4049; x_wconf 85' lang='grc' dir='ltr'>Εί</span> <span class='ocrx_word' id='word_1_300' title='bbox 1297 3981 1335 4050; x_wconf 74' lang='grc' dir='ltr'>δὲ</span> <span class='ocrx_word' id='word_1_301' title='bbox 1356 3981 1412 4048; x_wconf 85' lang='grc' dir='ltr'>καλ</span> <span class='ocrx_word' id='word_1_302' title='bbox 1434 3980 1535 4052; x_wconf 88' lang='grc' dir='ltr'><strong><em>τόνδε</em></strong></span> 
     </span>
     <span class='ocr_line' id='line_1_36' title="bbox 226 4085 1535 4176; baseline -0.002 -20"><span class='ocrx_word' id='word_1_303' title='bbox 226 4115 277 4168; x_wconf 87' lang='grc' dir='ltr'>τις</span> <span class='ocrx_word' id='word_1_304' title='bbox 298 4088 359 4157; x_wconf 87' lang='grc' dir='ltr'><strong><em>τὸν</em></strong></span> <span class='ocrx_word' id='word_1_305' title='bbox 384 4088 487 4176; x_wconf 81' lang='grc' dir='ltr'><strong><em>λόγον</em></strong></span> <span class='ocrx_word' id='word_1_306' title='bbox 509 4089 610 4174; x_wconf 81' lang='grc' dir='ltr'><strong><em>λέξει,</em></strong></span> <span class='ocrx_word' id='word_1_307' title='bbox 639 4085 684 4167; x_wconf 78' lang='grc' dir='ltr'>ὡς</span> <span class='ocrx_word' id='word_1_308' title='bbox 704 4085 878 4175; x_wconf 84' lang='grc' dir='ltr'><strong><em>Ἀρχέλαος</em></strong></span> <span class='ocrx_word' id='word_1_309' title='bbox 904 4090 1025 4167; x_wconf 79' lang='grc' dir='ltr'><strong><em>παῖδας</em></strong></span> <span class='ocrx_word' id='word_1_310' title='bbox 1052 4091 1117 4174; x_wconf 81' lang='grc' dir='ltr'><strong><em>ἔχει</em></strong></span> <span class='ocrx_word' id='word_1_311' title='bbox 1145 4087 1201 4154; x_wconf 78' lang='grc' dir='ltr'>καί</span> <span class='ocrx_word' id='word_1_312' title='bbox 1229 4086 1286 4154; x_wconf 85' lang='grc' dir='ltr'>διὰ</span> <span class='ocrx_word' id='word_1_313' title='bbox 1313 4085 1392 4166; x_wconf 84' lang='grc' dir='ltr'><strong><em>τοὺς</em></strong></span> <span class='ocrx_word' id='word_1_314' title='bbox 1414 4089 1535 4165; x_wconf 80' lang='grc' dir='ltr'><strong><em>παῖδας</em></strong></span> 
     </span>
     <span class='ocr_line' id='line_1_37' title="bbox 227 4189 1535 4284; baseline -0.002 -22"><span class='ocrx_word' id='word_1_315' title='bbox 227 4194 289 4283; x_wconf 85' lang='grc' dir='ltr'>οὐχ</span> <span class='ocrx_word' id='word_1_316' title='bbox 313 4189 388 4263; x_wconf 80' lang='grc' dir='ltr'><strong><em>οἷόν</em></strong></span> <span class='ocrx_word' id='word_1_317' title='bbox 411 4221 446 4262; x_wconf 91' lang='grc' dir='ltr'>τε</span> <span class='ocrx_word' id='word_1_318' title='bbox 468 4203 704 4283; x_wconf 81' lang='grc' dir='ltr'><strong><em>συμπολεμεῖν,</em></strong></span> <span class='ocrx_word' id='word_1_319' title='bbox 727 4197 860 4284; x_wconf 77' lang='grc' dir='ltr'><strong><em>πρῶτον</em></strong></span> <span class='ocrx_word' id='word_1_320' title='bbox 884 4195 945 4282; x_wconf 76' lang='grc' dir='ltr'><strong><em>μὲν</em></strong></span> <span class='ocrx_word' id='word_1_321' title='bbox 970 4193 1065 4274; x_wconf 76' lang='grc' dir='ltr'><strong><em>ἄξιον</em></strong></span> <span class='ocrx_word' id='word_1_322' title='bbox 1088 4193 1263 4282; x_wconf 73' lang='grc' dir='ltr'><strong><em>θαυμάσαι</em></strong></span> <span class='ocrx_word' id='word_1_323' title='bbox 1287 4197 1419 4279; x_wconf 75' lang='grc' dir='ltr'><strong><em>τοῦτον,</em></strong></span> <span class='ocrx_word' id='word_1_324' title='bbox 1443 4191 1535 4272; x_wconf 83' lang='grc' dir='ltr'><strong><em>ὅστις</em></strong></span> 
     </span>
     <span class='ocr_line' id='line_1_38' title="bbox 227 4297 1534 4392; baseline -0.002 -23"><span class='ocrx_word' id='word_1_325' title='bbox 227 4303 301 4392; x_wconf 81' lang='grc' dir='ltr'><strong><em>περὶ</em></strong></span> <span class='ocrx_word' id='word_1_326' title='bbox 329 4301 392 4389; x_wconf 74' lang='grc' dir='ltr'><strong><em>μὲν</em></strong></span> <span class='ocrx_word' id='word_1_327' title='bbox 420 4302 498 4369; x_wconf 87' lang='grc' dir='ltr'><strong><em>δέκα</em></strong></span> <span class='ocrx_word' id='word_1_328' title='bbox 525 4305 657 4370; x_wconf 81' lang='grc' dir='ltr'><strong><em>παίδων</em></strong></span> <span class='ocrx_word' id='word_1_329' title='bbox 682 4303 799 4388; x_wconf 80' lang='grc' dir='ltr'><strong><em>λέξειε,</em></strong></span> <span class='ocrx_word' id='word_1_330' title='bbox 826 4302 902 4390; x_wconf 75' lang='grc' dir='ltr'><strong><em>περὶ</em></strong></span> <span class='ocrx_word' id='word_1_331' title='bbox 926 4300 964 4369; x_wconf 75' lang='grc' dir='ltr'>δὲ</span> <span class='ocrx_word' id='word_1_332' title='bbox 986 4304 1054 4369; x_wconf 78' lang='grc' dir='ltr'><strong><em>τῶν</em></strong></span> <span class='ocrx_word' id='word_1_333' title='bbox 1077 4298 1235 4370; x_wconf 80' lang='grc' dir='ltr'><strong><em>ἁπάντων</em></strong></span> <span class='ocrx_word' id='word_1_334' title='bbox 1259 4297 1301 4368; x_wconf 82' lang='grc' dir='ltr'>οὐ</span> <span class='ocrx_word' id='word_1_335' title='bbox 1324 4301 1426 4386; x_wconf 78' lang='grc' dir='ltr'><strong><em>λέγει,</em></strong></span> <span class='ocrx_word' id='word_1_336' title='bbox 1455 4297 1534 4366; x_wconf 73' lang='grc' dir='ltr'><strong><em>οὐδὲ</em></strong></span> 
     </span>
     <span class='ocr_line' id='line_1_39' title="bbox 227 4403 1533 4498; baseline -0.003 -22"><span class='ocrx_word' id='word_1_337' title='bbox 227 4409 302 4498; x_wconf 76' lang='grc' dir='ltr'><strong><em>περὶ</em></strong></span> <span class='ocrx_word' id='word_1_338' title='bbox 325 4412 384 4494; x_wconf 85' lang='grc' dir='ltr'>τής</span> <span class='ocrx_word' id='word_1_339' title='bbox 406 4407 548 4494; x_wconf 80' lang='grc' dir='ltr'><strong><em>πόλεως,</em></strong></span> <span class='ocrx_word' id='word_1_340' title='bbox 573 4409 628 4476; x_wconf 84' lang='grc' dir='ltr'>καλ</span> <span class='ocrx_word' id='word_1_341' title='bbox 651 4406 690 4476; x_wconf 85' lang='grc' dir='ltr'>τὸ</span> <span class='ocrx_word' id='word_1_342' title='bbox 714 4407 775 4496; x_wconf 76' lang='grc' dir='ltr'><strong><em>μέν</em></strong></span> <span class='ocrx_word' id='word_1_343' title='bbox 797 4411 866 4476; x_wconf 76' lang='grc' dir='ltr'><strong><em>τῶν</em></strong></span> <span class='ocrx_word' id='word_1_344' title='bbox 889 4407 1025 4476; x_wconf 78' lang='grc' dir='ltr'><strong><em>πάντων</em></strong></span> <span class='ocrx_word' id='word_1_345' title='bbox 1049 4407 1222 4495; x_wconf 87' lang='grc' dir='ltr'><strong><em>συμφέρον</em></strong></span> <span class='ocrx_word' id='word_1_346' title='bbox 1245 4403 1436 4495; x_wconf 77' lang='grc' dir='ltr'><strong><em>ἀποστερεῖ,</em></strong></span> <span class='ocrx_word' id='word_1_347' title='bbox 1458 4407 1533 4494; x_wconf 78' lang='grc' dir='ltr'><strong><em>περὶ</em></strong></span> 
     </span>
     <span class='ocr_line' id='line_1_40' title="bbox 229 4511 1534 4604; baseline -0.003 -22"><span class='ocrx_word' id='word_1_348' title='bbox 229 4514 266 4582; x_wconf 73' lang='grc' dir='ltr'>δὲ</span> <span class='ocrx_word' id='word_1_349' title='bbox 292 4519 361 4583; x_wconf 77' lang='grc' dir='ltr'><strong><em>τῶν</em></strong></span> <span class='ocrx_word' id='word_1_350' title='bbox 388 4511 513 4600; x_wconf 82' lang='grc' dir='ltr'><strong><em>ὀλίγων</em></strong></span> <span class='ocrx_word' id='word_1_351' title='bbox 538 4523 749 4604; x_wconf 71' lang='grc' dir='ltr'><strong><em>καθίστησιν.</em></strong></span> <span class='ocrx_word' id='word_1_352' title='bbox 804 4517 886 4584; x_wconf 79' lang='lat' dir='ltr'>Cum</span> <span class='ocrx_word' id='word_1_353' title='bbox 914 4517 1002 4582; x_wconf 90' lang='lat' dir='ltr'>dicat</span> <span class='ocrx_word' id='word_1_354' title='bbox 1025 4520 1136 4582; x_wconf 89' lang='lat' dir='ltr'>orator</span> <span class='ocrx_word' id='word_1_355' title='bbox 1161 4516 1296 4597; x_wconf 73' lang='grc' dir='ltr'><strong><em>πρῶτον</em></strong></span> <span class='ocrx_word' id='word_1_356' title='bbox 1319 4515 1397 4600; x_wconf 88' lang='grc' dir='ltr'><strong><em>μέν,</em></strong></span> <span class='ocrx_word' id='word_1_357' title='bbox 1425 4515 1534 4598; x_wconf 88' lang='lat' dir='ltr'>plures</span> 
     </span>
     <span class='ocr_line' id='line_1_41' title="bbox 228 4620 1534 4709; baseline -0.004 -20"><span class='ocrx_word' id='word_1_358' title='bbox 228 4630 339 4707; x_wconf 89' lang='lat' dir='ltr'>partes</span> <span class='ocrx_word' id='word_1_359' title='bbox 378 4623 440 4690; x_wconf 90' lang='lat' dir='ltr'>sibi</span> <span class='ocrx_word' id='word_1_360' title='bbox 476 4625 708 4709; x_wconf 81' lang='lat' dir='ltr'>respondentes</span> <span class='ocrx_word' id='word_1_361' title='bbox 746 4626 781 4690; x_wconf 93' lang='lat' dir='ltr'>iu</span> <span class='ocrx_word' id='word_1_362' title='bbox 815 4646 913 4690; x_wconf 93' lang='lat' dir='ltr'>unum</span> <span class='ocrx_word' id='word_1_363' title='bbox 947 4623 1117 4688; x_wconf 90' lang='lat' dir='ltr'>circuitum</span> <span class='ocrx_word' id='word_1_364' title='bbox 1150 4621 1418 4706; x_wconf 90' lang='lat' dir='ltr'>comprehendere</span> <span class='ocrx_word' id='word_1_365' title='bbox 1450 4620 1534 4686; x_wconf 78' lang='lat' dir='ltr'>selle</span> 
     </span>
     <span class='ocr_line' id='line_1_42' title="bbox 229 4727 1534 4814; baseline -0.005 -18"><span class='ocrx_word' id='word_1_366' title='bbox 229 4731 356 4796; x_wconf 82' lang='lat' dir='ltr'>videtur</span> <span class='ocrx_word' id='word_1_367' title='bbox 378 4735 412 4794; x_wconf 88' lang='lat' dir='ltr'>et</span> <span class='ocrx_word' id='word_1_368' title='bbox 435 4734 563 4814; x_wconf 83' lang='lat' dir='ltr'>poterat</span> <span class='ocrx_word' id='word_1_369' title='bbox 586 4735 783 4796; x_wconf 89' lang='lat' dir='ltr'>structuram</span> <span class='ocrx_word' id='word_1_370' title='bbox 808 4731 994 4794; x_wconf 86' lang='lat' dir='ltr'>inchoatam</span> <span class='ocrx_word' id='word_1_371' title='bbox 1017 4729 1170 4813; x_wconf 85' lang='lat' dir='ltr'>retinere,</span> <span class='ocrx_word' id='word_1_372' title='bbox 1193 4728 1222 4792; x_wconf 91' lang='lat' dir='ltr'>si</span> <span class='ocrx_word' id='word_1_373' title='bbox 1244 4727 1392 4792; x_wconf 88' lang='lat' dir='ltr'>dixisset:</span> <span class='ocrx_word' id='word_1_374' title='bbox 1424 4727 1534 4790; x_wconf 77' lang='grc' dir='ltr'><strong><em>ἔπειτα</em></strong></span> 
     </span>
    </p>
   </div>
   <div class='ocr_carea' id='block_1_5' title="bbox 230 4833 1535 4992">
    <p class='ocr_par' dir='ltr' id='par_1_7' title="bbox 230 4833 1535 4992">
     <span class='ocr_line' id='line_1_43' title="bbox 230 4833 1535 4923; baseline -0.002 -22"><span class='ocrx_word' id='word_1_375' title='bbox 230 4835 266 4901; x_wconf 78' lang='grc' dir='ltr'>δέ</span> <span class='ocrx_word' id='word_1_376' title='bbox 294 4833 399 4922; x_wconf 88' lang='grc' dir='ltr'><strong><em>δήλόυ</em></strong></span> <span class='ocrx_word' id='word_1_377' title='bbox 428 4837 535 4921; x_wconf 82' lang='grc' dir='ltr'><strong><em>ἐστιν,</em></strong></span> <span class='ocrx_word' id='word_1_378' title='bbox 563 4835 613 4903; x_wconf 85' lang='grc' dir='ltr'>ὅτι</span> <span class='ocrx_word' id='word_1_379' title='bbox 736 4833 945 4923; x_wconf 80' lang='grc' dir='ltr'><strong><em>κρατήσομεν</em></strong></span> <span class='ocrx_word' id='word_1_380' title='bbox 1065 4859 1094 4900; x_wconf 90' lang='grc' dir='ltr'>κ.</span> <span class='ocrx_word' id='word_1_381' title='bbox 1116 4859 1143 4900; x_wconf 89' lang='grc' dir='ltr'>τ.</span> <span class='ocrx_word' id='word_1_382' title='bbox 1166 4840 1210 4918; x_wconf 89' lang='grc' dir='ltr'>λ.,</span> <span class='ocrx_word' id='word_1_383' title='bbox 1238 4838 1347 4899; x_wconf 86' lang='lat' dir='ltr'>tamen</span> <span class='ocrx_word' id='word_1_384' title='bbox 1375 4833 1535 4917; x_wconf 89' lang='lat' dir='ltr'>particula</span> 
     </span>
     <span class='ocr_line' id='line_1_44' title="bbox 1282 4936 1319 4992; baseline 0 -24"><span class='ocrx_word' id='word_1_385' title='bbox 1282 4936 1319 4992; x_wconf 67' lang='lat'>2*</span> 
     </span>
    </p>
   </div>
   <div class='ocr_carea' id='block_1_6' title="bbox 0 0 1794 5472">
    <p class='ocr_par' dir='ltr' id='par_1_8' title="bbox 0 0 1794 5472">
     <span class='ocr_line' id='line_1_45' title="bbox 0 0 1794 5472; baseline 0 0"><span class='ocrx_word' id='word_1_386' title='bbox 0 0 1794 5472; x_wconf 95' lang='lat' dir='ltr'> </span> 
     </span>
    </p>
   </div>
  </div>
 </body>
</html>
