3572 5472
826 283 1041 347 —30—

279 444 496 510 versariorum
528 443 827 528 argumentationes
861 443 1108 528 distinguendae
1138 447 1223 508 sunt.
1277 441 1408 528 Orator,
1439 443 1474 508 id
1501 445 1584 528 quod

278 549 345 614 iam
373 549 534 614 monitum
561 552 625 634 est,
652 548 980 613 Lacedaemoniorum
1008 549 1104 614 rebus
1132 548 1235 633 favet,
1262 571 1326 633 qua
1354 549 1393 613 de
1417 571 1515 614 causa
1541 550 1588 614 ita

279 677 389 720 eorum
420 656 557 722 consilia
584 654 727 740 effingit,
758 657 795 718 ut
821 653 947 720 bellurn·
971 653 1132 720 Archelao
1160 655 1283 720 illaturi
1311 677 1382 721 esse
1409 655 1587 740 videantur,

278 762 355 846 quia
386 765 500 828 contra
530 762 745 827 Athenienses
776 761 866 844 ipsos
898 760 1050 826 adiuvare
1082 761 1234 826 noluerit.
1287 761 1359 827 Hoc
1391 762 1432 826 ad
1464 762 1586 826 bellum

278 867 509 935 Thessalorum
533 869 722 934 societatem
747 867 810 932 sibi
834 867 1011 934 adsciscere
1034 868 1162 952 volunt,
1188 890 1268 952 quae
1293 869 1322 934 si
1345 873 1523 954 recusetur,
1546 891 1587 934 ne

176 983 185 1000 *
277 973 330 1040 his
360 996 486 1060 quoque
518 975 640 1040 bellum
671 973 828 1059 inferant,
860 974 1039 1040 timendum
1070 979 1128 1040 est.
1188 973 1248 1040 Oui
1279 974 1489 1058 explicationi
1520 997 1587 1040 non

278 1085 452 1167 repugnat,
481 1081 566 1166 quod
594 1084 764 1165 praeterea
793 1081 833 1146 ad
856 1079 1031 1146 Thessalos
1061 1105 1080 1146 a
1107 1081 1320 1146 barbarorum
1348 1081 1484 1164 imperio
1508 1082 1587 1148 libe·

279 1187 399 1254 randos
423 1188 546 1254 bellum
570 1187 731 1252 Archelao
755 1187 870 1252 inferri
893 1188 1061 1253 contendit
1084 1189 1204 1254 orator.

369 1292 450 1360 Oum
480 1317 557 1360 vero
586 1297 691 1359 totam
721 1293 904 1361 orationem
934 1294 1101 1360 uideamus
1131 1295 1235 1362 multo
1266 1295 1372 1380 magis
1400 1295 1525 1360 versari
1553 1295 1586 1359 in

279 1397 433 1464 Archelai
454 1399 591 1483 imperio
611 1399 799 1485 obterendo,
821 1399 1132 1485 Peloponnesiorum
1152 1401 1307 1467 societate
1326 1400 1587 1485 commendanda,

260 1494 609 1572 'Lacedaemoniorum
636 1506 823 1590 principatu
849 1504 1031 1590 probando,
1059 1527 1156 1589 quam
1184 1506 1218 1570 in
1245 1505 1332 1571 bello
1355 1505 1516 1572 Archelao
1539 1505 1585 1570 in-

279 1612 426 1697 ferendo,
459 1633 532 1677 cum
565 1613 667 1696 ipsius
699 1613 779 1677 belli
814 1633 912 1686 causa
938 1611 1050 1696 paucis
1078 1611 1186 1677 uerbis
1214 1612 1415 1698 absolvatur,
1446 1613 1585 1696 suspicio

280 1721 429 1785 mouetur
446 1719 568 1784 bellurn
587 1719 695 1784 minus
715 1719 831 1784 acriter
849 1717 968 1802 urgeri,
991 1739 1088 1801 quam
1107 1718 1246 1784 artificio
1266 1719 1411 1784 suasorio
1431 1719 1587 1804 simulari,

278 1832 316 1890 ut
347 1846 459 1892 verum
492 1825 663 1892 consilium
696 1826 875 1892 occultetur
907 1829 940 1888 et
972 1825 1123 1908 societas,
1158 1825 1209 1890 vel
1241 1826 1350 1909 potius
1385 1827 1585 1911 principatus

278 1932 609 1999 Lacedaemoniorum
647 1932 837 2016 accipiatur,
875 1935 908 1996 et
939 1935 1125 1997 secuturum
1159 1953 1228 1996 esse
1259 1933 1365 2018 magis
1399 1935 1585 1999 societatem

278 2039 607 2106 Lacedaemoniorum
626 2043 803 2123 acceptam,
822 2059 919 2122 quam
938 2059 1069 2104 oausam
1089 2059 1159 2103 erse
1177 2039 1310 2122 petitae.
1342 2037 1432 2114 Quae
1447 2039 1586 2124 auspicio

278 2148 489 2213 confirmatur
512 2147 656 2231 epilogo,
679 2147 748 2232 qui,
772 2167 854 2230 quae
877 2145 1067 2210 societatem
1089 2143 1397 2228 Peloponnesiorum
1421 2148 1586 2227 acceptam

279 2257 313 2318 et
332 2275 414 2339 quae
432 2255 586 2320 reiectam
606 2257 756 2318 secutura
775 2252 850 2335 sint,
868 2251 959 2316 brevi
978 2255 1153 2334 comparat.
1189 2249 1256 2316 Ubi
1271 2251 1309 2316 de
1323 2251 1409 2316 hello
1424 2251 1585 2316 Archelao

279 2359 373 2424 illato
393 2361 444 2425 vel
462 2359 639 2444 inferenda
658 2357 745 2444 quod
764 2359 883 2422 reiecta
902 2357 1058 2422 societate
1076 2355 1242 2423 Thessalis
1262 2379 1389 2442 quoque
1408 2357 1587 2443 immineat,

279 2465 363 2531 nihil
396 2467 527 2550 dicitur,
559 2465 615 2531 sed
647 2466 785 2530 reiectae
818 2463 983 2528 societatis
1015 2463 1068 2528 hic
1102 2467 1233 2530 eventus
1266 2464 1481 2548 significatur:
1517 2475 1587 2541 τοῖς

270 2569 409 2659 Ἕλλησι
431 2569 477 2658 μὴ
500 2573 658 2656 γίνεσθαι
682 2566 886 2656 συμμάχους,
908 2579 980 2646 τοῖς
1002 2566 1040 2634 δὲ
1062 2566 1253 2656 βαρβάροις.
1291 2570 1362 2648 Quo
1381 2572 1452 2638 loco
1475 2593 1586 2637 vocem

279 2676 474 2766 συμμάχους
496 2701 561 2744 non
589 2679 630 2744 ad
657 2678 736 2743 belli
763 2677 966 2761 societatem,
994 2676 1050 2742 sed
1078 2673 1168 2761 pacis
1195 2677 1413 2762 principatum
1440 2683 1586 2764 spectare

279 2787 387 2873 verba,
406 2807 489 2872 quae
506 2772 693 2870 sequuntur,
712 2783 1022 2849 demonstrans-ea
1043 2779 1081 2848 dh
1098 2778 1327 2870 ἀτιμωρήτους
1344 2781 1405 2869 μὲυ
1424 2781 1586 2851 τεθνάναι

278 2889 358 2972 τοὺς
388 2887 641 2974 ἀποθανόντας,
673 2886 812 2976 ἀτίμους
844 2887 881 2954 δὲ
911 2883 1006 2984 τοὺς,
1021 2886 1252 2975 προσήκοντας
1283 2886 1386 2976 εἶναι,
1417 2890 1473 2957 καὶ
1505 2888 1585 2977 μήτε

278 3002 449 3066 πολιτείαν
466 2993 565 3081 εἶναι,
583 2996 663 3084 μήτε
681 2993 802 3082 νόμον,
820 2991 901 3092 μήτε
920 2996 1022 3072 δίκας.
1059 2995 1149 3062 Haec
1168 2998 1256 3062 enim
1279 3020 1351 3064 eam
1369 2999 1587 3081 conditionem

280 3105 484 3192 adumbrant,
508 3128 571 3192 qua
593 3128 677 3172 nunc
695 3105 858 3172 Larissaei
881 3110 1030 3191 utuntur3
1054 3105 1170 3191 quodsi
1193 3127 1265 3170 eam
1288 3106 1409 3171 reiecta
1432 3105 1587 3171 societate

280 3235 465 3279 mansuram
495 3235 566 3278 esse
594 3213 773 3279 certissime
803 3213 947 3280 affirmat
976 3219 1100 3298 orator,
1132 3215 1268 3297 apparet
1296 3213 1483 3278 societatem
1513 3233 1586 3276 con-

280 3319 437 3386 ditionem
465 3342 548 3400 esse,
576 3321 646 3385 sine
673 3342 737 3404 qua
759 3319 1006 3386 Lacedaemonii
1032 3319 1156 3386 bellum
1180 3318 1341 3384 Archelao
1368 3340 1435 3414 non
1461 3317 1586 3384 illaturi

281 3427 360 3510 sint,
388 3432 420 3492 et
443 3427 551 3511 ipsum
579 3429 741 3492 oratorem
770 3426 929 3492 confidere
958 3427 1147 3493 societatem
1170 3430 1352 3492 recusatam
1375 3447 1442 3490 non
1463 3424 1586 3488 bellum

281 3556 301 3598 a
327 3532 589 3598 Lacedaemoniis
618 3534 780 3601 Archelao
813 3537 846 3600 et
873 3533 1040 3599 Thessalis
1073 3533 1216 3618 illatum,
1249 3534 1306 3600 sed
1337 3533 1465 3598 firmam
1498 3530 1586 3615 pacis

281 3639 499 3706 conditionem
523 3644 705 3706 secuturam
730 3663 810 3707 esse.

371 3745 495 3812 Eodem
517 3745 659 3830 pertinet
678 3747 763 3832 quod
781 3747 1029 3814 Lacedaemonii
1049 3741 1275 3831 ἀπαράσκευοι
1293 3743 1377 3832 τοὺς
1393 3741 1455 3830 τὴν
1474 3740 1585 3830 χώραν

282 3875 353 3918 esse
376 3856 410 3918 et
431 3858 605 3937 propterea
629 3852 860 3918 Thessalorum
882 3853 1029 3918 libertati
1051 3853 1200 3918 insidiari
1221 3875 1288 3919 non
1310 3875 1406 3938 posse
1429 3853 1586 3917 dicuntur.

281 3959 404 4024 Eadem
432 3959 519 4024 enim
547 3981 645 4025 causa
672 3981 726 4025 cos
755 3960 966 4046 impediebat,
999 3960 1170 4046 quominus
1198 3959 1321 4024 bellum
1348 3959 1510 4024 Archelao
1539 3958 1586 4021 in-

280 4065 365 4130 ferre
390 4065 475 4131 serio
500 4066 562 4132 sibi
584 4072 811 4152 proponerent,
835 4071 869 4132 ct
892 4069 947 4152 qui
965 4067 1239 4152 longinquitatem
1260 4089 1391 4132 causam
1412 4087 1482 4132 esse
1501 4065 1587 4148 dicit,

281 4173 320 4237 dc
343 4195 407 4258 qua
424 4173 672 4239 Lacedaemonii
690 4173 855 4240 Thessalia
878 4174 1026 4240 insidiari
1049 4195 1114 4238 non
1136 4174 1274 4258 possint,
1296 4174 1325 4238 is
1349 4173 1479 4258 quidem
1501 4172 1586 4237 idem

280 4301 471 4364 persuasum
498 4281 619 4346 habere
646 4302 712 4346 non
739 4283 851 4363 potest
878 4279 1008 4346 eosdem
1033 4277 1192 4344 Archelao
1216 4279 1337 4344 bellum
1360 4300 1395 4344 re
1418 4299 1495 4344 uera
1517 4278 1586 4342 illa·

280 4391 371 4453 turos
394 4408 473 4453 esse.

371 4493 459 4571 Quae
475 4493 611 4579 denique
625 4494 664 4559 de
679 4493 845 4560 obsidibus
864 4493 1090 4578 recuperandis
1106 4497 1308 4578 exponuntur
1322 4513 1452 4558 sensum
1466 4491 1587 4556 medio
1621 4500 1624 4502 ’

281 4601 379 4666 criter
414 4601 621 4666 tolerabilem
657 4601 827 4686 praebent,
864 4601 892 4665 si
924 4601 962 4664 de
994 4601 1169 4667 deserendo
1201 4599 1366 4682 Archelai,
1402 4596 1587 4682 accipiendo

281 4707 606 4772 Lacedaemoniorum
630 4707 828 4792 principatu,
855 4729 921 4772 non
951 4707 989 4772 de
1012 4708 1100 4772 bello
1123 4705 1286 4775 Archelao
1309 4706 1398 4770 ultro
1421 4703 1586 4770 inferendo

282 4815 397 4899 agitur.
441 4813 530 4879 Haec
559 4815 644 4880 enim
670 4815 698 4878 si
727 4817 798 4879 erat
827 4835 934 4878 rerum
966 4815 1121 4898 conditio,
1153 4813 1366 4897 Archelaum,
1398 4814 1434 4875 ut
1464 4811 1586 4876 bellurn
