3572 5472
770 297 987 363 ..27-

229 449 310 522 tiam
338 479 449 523 omnes
479 480 528 521 vv.
552 457 602 523 dd.
632 459 735 523 secuti
763 461 853 541 sunt,
885 458 940 542 qui
970 458 1054 523 hanc
1091 459 1314 544 quaestionem
1332 507 1334 510 -
1352 461 1532 544 attigerunt

229 561 376 649 (Reishe,
394 563 599 649 Eichstaedt,
622 563 804 648 Fabricius,
826 563 974 648 Fiorillo,
998 562 1139 647 Schoell,
1161 564 1257 650 Foss,
1279 563 1387 652 Abel).

318 669 422 747 Quam
441 674 552 736 tamen
571 671 765 736 sententiam
785 671 991 754 comprobari
1009 693 1076 738 non
1093 693 1199 757 posse,
1213 671 1242 736 si
1261 674 1442 738 accuratius
1461 694 1529 738 rem

166 818 167 821 =
230 776 548 862 consideraverimus,
572 778 750 862 apparebit.
792 776 874 844 Cum
897 779 935 844 de
953 778 1016 843 fide
1038 777 1196 844 historica
1220 779 1376 846 orationis
1399 783 1531 846 nostrae

229 885 371 949 nondum
392 885 575 969 quaesitum
599 885 651 970 sit,
675 888 788 950 contra
802 883 933 951 Oanteri
956 885 1152 951 sententiam
1176 887 1307 972 congeri
1328 909 1395 952 non
1424 889 1533 971 potest

229 994 456 1075 argumentum
484 991 553 1056 eius
581 1013 687 1056 rerum
715 995 880 1077 gestarum
907 991 1083 1058 memoriae
1113 996 1145 1059 et
1168 994 1369 1078 temporibus
1397 1015 1531 1078 prorsus

228 1118 420 1183 repugnare.
459 1097 539 1164 Oum
560 1119 634 1163 vero
652 1097 828 1164 Archelaus
846 1099 972 1164 vicinus
996 1098 1120 1165 civitati
1143 1103 1273 1167 nostrae
1302 1104 1433 1166 vocetur
1461 1097 1531 1186 (καὶ

227 1205 379 1280 τοιοῦτος
397 1197 446 1268 clo
469 1201 663 1288 πρόσοικος,
690 1201 730 1270 τὰ
758 1207 901 1289 πλησίον
925 1198 1123 1290 ὑπερορᾶν),
1150 1204 1396 1272 Lacedaemonii
1420 1209 1532 1272 contra
1585 1217 1587 1221 ’

228 1311 326 1396 longe
349 1312 466 1378 remoti
485 1315 518 1376 et
535 1314 709 1396 propterea
726 1333 794 1377 non
816 1309 951 1376 timendi
970 1305 1150 1396 (όόριοόεῖν
1163 1307 1203 1377 τὰ
1216 1309 1342 1398 aditio,
1362 1348 1398 1358 -
1415 1308 1529 1397 πόόρω

228 1413 292 1504 γὰρ
316 1417 469 1484 οἰκοῦσιν
492 1412 552 1502 ἀφ’
577 1413 684 1502 ἡμῶν,
707 1411 937 1503 ἀπαράσκευοί
955 1411 984 1482 τ’
1011 1415 1075 1483 sict
1098 1413 1180 1503 πρὸς
1203 1413 1264 1503 τὴν
1287 1414 1430 1506 χώραν),
1458 1441 1530 1484 curn

228 1546 326 1608 porro
346 1530 457 1592 orator
476 1548 496 1590 a
514 1525 645 1592 civitate
665 1547 724 1590 sua
743 1547 875 1590 exorsus
887 1527 928 1589 et
951 1523 991 1588 ad
1009 1523 1339 1592 Lacedaemoniorum
1357 1527 1437 1590 fines
1457 1549 1530 1609 pro·

229 1632 377 1718 grediens
392 1630 531 1696 Phocios
553 1631 699 1716 proxime
719 1628 916 1696 Graecorum
935 1630 1111 1696 incolentes
1130 1635 1163 1696 et
1185 1635 1256 1697 tum
1280 1632 1409 1697 demum
1427 1631 1529 1698 Boeo-

176 1791 178 1798 .
229 1741 280 1804 tos
305 1739 461 1824 nominet,
483 1739 518 1802 in
540 1738 657 1822 quibus
682 1742 769 1804 certe
797 1737 945 1802 Thebani
974 1739 1164 1803 numerandi
1192 1743 1282 1824 sunt,
1305 1739 1344 1804 de
1366 1739 1530 1804 Thebanis

228 1845 368 1930 amplius
387 1845 527 1932 cogitari
544 1867 610 1910 non
627 1847 745 1930 potest.
786 1845 890 1910 Immo
911 1845 1021 1910 eadem
1045 1845 1214 1911 civitatum
1238 1846 1478 1912 enumeratione
1497 1849 1531 1910 ct

228 1952 293 2016 situ
311 1953 493 2018 necessario
512 1952 710 2036 adducimur,
728 1955 765 2017 ut
779 1953 943 2018 civitatem
957 1957 1104 2018 nostram
1124 1977 1144 2018 a
1162 1940 1381 2038 septentrione
1399 1953 1529 2018 Phooiis

227 2060 401 2134 finitimam
420 2082 489 2125 esse
507 2063 667 2144 putemus,
686 2063 719 2124 et
742 2081 814 2124 cum
833 2060 995 2126 Archelao
1019 2081 1146 2144 quoque
1168 2061 1305 2126 finitima
1323 2060 1375 2145 sit,
1393 2059 1529 2125 Thessa·

228 2166 306 2232 liam
326 2189 406 2252 esse,
425 2167 464 2231 de
478 2187 542 2251 qua
556 2169 682 2251 agatur,
696 2167 888 2232 contendere
903 2167 1089 2252 poterimus.
1121 2165 1246 2232 Eodem
1260 2167 1407 2232 ducimur
1425 2167 1529 2253 regio·

226 2273 277 2338 nis
301 2273 526 2358 descriptione,
545 2295 626 2358 quae
645 2273 807 2338 latissima
831 2277 864 2338 ct
883 2275 1046 2358 uberrima
1065 2273 1230 2358 Graeciae,
1248 2273 1393 2338 locorum
1412 2275 1531 2338 natura

227 2381 453 2474 munitissima,
476 2379 554 2445 belli
582 2379 737 2445 subsidiis
766 2384 799 2446 et
827 2381 974 2466 equitatu
997 2381 1138 2446 maxime
1166 2380 1349 2465 abundans,
1371 2380 1529 2465 neglectis

227 2486 278 2551 his
309 2487 479 2571 praesidiis
509 2485 670 2551 militibus
704 2487 910 2552 mercenariis
939 2488 1063 2554 alendis
1092 2509 1170 2572 opes
1199 2509 1273 2553 suas
1302 2487 1470 2552 exhaurire
1498 2490 1531 2551 et

226 2597 398 2678 propterea
420 2593 543 2659 nullius
566 2593 724 2658 momenti
743 2596 775 2658 et
794 2594 998 2659 auctoritatis
1019 2617 1088 2660 esse
1107 2595 1232 2661 dicitur.
1268 2594 1307 2660 In
1325 2593 1529 2660 Thessaliam

227 2701 340 2765 deinde
358 2700 438 2765 illud
456 2695 539 2786 πρὸς
556 2694 614 2776 τοὶς
633 2695 757 2764 ἐνθάδε
777 2692 968 2785 ὀλιγαρχίας
988 2703 1062 2784 apte
1083 2701 1229 2786 quadrat,
1248 2701 1401 2786 quoniam
1424 2699 1529 2766 omnis

227 2807 395 2872 Thessalia
425 2808 459 2884 in
482 2808 603 2872 multas
627 2806 776 2872 civitates
799 2829 976 2890 paucorum
998 2807 1133 2873 arbitrio
1153 2807 1396 2873 administratas
1424 2806 1530 2872 divisa

228 2918 311 2998 erat,
340 2917 373 2979 et
400 2915 481 2979 illud
506 2935 647 2999 quoque,
670 2913 836 2978 civitatem
859 2918 1006 2979 nostram
1029 2915 1108 2979 belli
1130 2915 1252 2980 Persici
1276 2914 1376 2980 fuisse
1400 2913 1529 2998 quidem

226 3043 291 3085 non
309 3021 511 3106 participem,
533 3019 675 3086 voluisse
694 3022 895 3085 tamencum
916 3019 1047 3086 Graecis
1066 3021 1252 3105 periclitari,
1271 3007 1300 3086 si
1317 3021 1419 3105 ipsius
1439 3020 1529 3104 regio

227 3129 268 3192 ab
292 3128 437 3193 hostium
460 3128 584 3212 impetu
608 3125 741 3200 defensa
763 3130 857 3206 esset,
881 3127 909 3192 si
933 3127 1056 3193 scilicet
1074 3125 1188 3192 Graeci
1211 3127 1252 3192 ad
1270 3127 1391 3212 Tempe
1414 3126 1529 3191 Persas

95 3316 100 3322 1
226 3233 454 3299 defendissent.
490 3235 678 3319 Insequenti
696 3231 833 3316 denique
851 3233 1041 3336 quaestione
1062 3234 1337 3299 demonstrabitur
1355 3233 1529 3298 seditiones

225 3343 339 3405 nostra
366 3341 513 3406 oratione
543 3339 722 3424 descriptas
753 3342 786 3404 et
813 3341 949 3405 iniurias
973 3341 1014 3405 ab
1038 3339 1201 3406 Archelao
1225 3339 1390 3405 Thessalis
1420 3340 1528 3406 illatas

226 3445 299 3510 aliis
321 3449 467 3510 veterum
490 3445 687 3510 testimoniis
711 3445 896 3512 confirmari
921 3449 954 3511 et
976 3447 1249 3512 Lacedaemonios
1275 3469 1310 3512 re
1333 3469 1411 3512 vera
1432 3447 1529 3512 rebus

226 3550 413 3617 Thessaliae
437 3573 471 3616 se
490 3552 714 3636 immiscuisse,
739 3553 858 3638 quippe
876 3553 931 3636 qui
944 3551 1200 3637 Lycophronem‚
1219 3552 1399 3618 Pherarum
1418 3556 1528 3636 tyran-

225 3679 317 3742 num,
341 3658 537 3743 adiuverint,
560 3680 633 3724 cnm
657 3653 848 3723 Thessaliae
870 3657 1033 3742 dynastis,
1063 3658 1216 3724 Archelai
1249 3659 1375 3742 amicis,
1408 3659 1528 3724 bellum

225 3764 368 3830 inferret.

313 3872 382 3937 Iam
409 3893 487 3956 ¹vero
516 3871 611 3937 nobis
638 3871 856 3954 quaerendum
884 3874 948 3956 est,
978 3875 1087 3938 uuum
1115 3873 1154 3938 de
1177 3873 1329 3938 universa
1352 3872 1530 3957 Thessalia,

226 3999 268 4042 an
295 3977 334 4043 de
362 4001 427 4043 una
454 3978 564 4062 aliqua
591 3977 780 4044 Thessaliae
809 3978 941 4044 civitate
969 3979 1180 4064 cogitandum
1208 3981 1266 4065 sit,
1290 4001 1371 4066 quac
1400 3981 1528 4065 quidem

226 4086 372 4170 quaestio
395 4085 536 4151 Herodis
560 4085 632 4151 illo:
657 4079 738 4150 οὐδὲ
759 4082 835 4170 περὶ
857 4085 916 4170 τῆς
938 4081 1065 4163 πόλεως
1083 4087 1132 4152 ita
1149 4086 1353 4172 diiudicatur,
1376 4090 1413 4152 ut
1431 4109 1528 4152 unam

226 4192 394 4258 civitatem
422 4213 493 4257 esse
522 4195 713 4270 statuamus.
763 4191 954 4279 Quanquam
982 4195 1069 4258 enim
1084 4189 1117 4278 ἡ
1146 4190 1335 4272 adicerem
1364 4193 1527 4278 publicam

139 4301 142 4308 '
226 4297 408 4384 significare
436 4301 559 4382 potest,
585 4301 695 4364 tamen
722 4300 904 4384 complures
932 4299 1081 4365 civitates
1109 4301 1240 4367 vinculo
1269 4300 1351 4365 satis
1379 4300 1469 4366 tenui
1497 4304 1530 4365 et

224 4406 298 4470 laxo
323 4405 480 4484 sociatae,
510 4405 622 4489 quales
646 4406 735 4471 fuere
759 4406 1003 4491 Thessalorum,
1030 4401 1051 4490 ἡ
1074 4401 1170 4483 πόλις
1193 4406 1256 4472 dici
1278 4428 1345 4472 non
1367 4409 1530 4492 poterant,

226 4510 281 4576 sed
305 4511 370 4578 alio
394 4514 502 4591 verbo,
527 4512 620 4597 quale
644 4514 694 4577 est
715 4509 753 4578 cd
777 4507 1021 4599 corrigerent
1045 4513 1285 4599 significandae.
1331 4509 1529 4596 Comprobat

226 4616 309 4682 hanc
348 4618 544 4684 sententiam
579 4618 728 4684 obsidum
759 4619 922 4704 paucitas,
960 4641 1002 4684 an
1033 4642 1109 4685 vero
1140 4619 1249 4685 decem
1280 4641 1397 4703 pueros
1428 4619 1529 4684 totius

225 4720 414 4788 Thessaliae
443 4723 633 4809 obsequium
662 4725 742 4790 satis
770 4729 957 4809 promptum
982 4729 1014 4790 et
1037 4725 1138 4790 fidum
1160 4728 1326 4810 praestare
1348 4725 1435 4790 risos
1459 4747 1529 4790 esse

106 4842 119 4866 ⁸·
224 4827 400 4894 verisimile
424 4829 495 4894 cst?
