3572 5472
815 317 1031 380 „13-

274 477 337 541 tati
371 481 478 541 autem
511 479 544 540 et
576 475 731 560 gravitati
764 475 1012 559 sententiarum,
1043 474 1168 538 formae
1201 475 1406 560 simplicitati
1436 476 1576 541 maxime

274 583 426 648 studebat
455 587 488 646 et
512 581 682 647 sententiis
707 581 874 647 abundans
903 581 1029 647 solebat
1057 580 1217 648 distincte.
1235 585 1268 646 et
1291 587 1515 648 asseveranter
1533 582 1576 647 di·

273 711 353 754 cere.
403 687 557 754 Sermone
584 688 738 754 utebatur
768 710 835 753 non
863 687 1100 772 dithyrambico
1130 687 1189 754 illo
1214 688 1369 775 Gorgiae,
1400 710 1504 774 neque
1536 688 1577 754 ad

242 779 245 786 ¹
273 797 403 880 poetica
430 796 529 860 verba
556 795 747 880 declinanti,
779 794 835 860 sed
866 794 1045 878 cotidiano,
1070 794 1204 860 insolita
1237 799 1270 860 et
1301 798 1433 879 proprie
1465 794 1577 860 Attica

273 902 373 967 verba
396 924 461 966 non
485 903 740 986 intemperanter
762 922 866 985 neque
888 901 997 986 inepte
1016 901 1210 966 immiscens.
1252 901 1444 986 Quanquam
1472 903 1576 968 brevi-

274 1010 352 1073 tatis
372 1008 537 1075 cuiusdam
559 1008 722 1074 studiosus
742 1007 900 1072 dissolute
923 1007 1028 1072 dicere
1052 1007 1192 1093 amabat,
1214 1011 1325 1073 tamen
1348 1009 1383 1072 in
1406 1009 1577 1074 cumulatis

275 1116 374 1180 etiam
407 1121 441 1181 et
474 1115 632 1181 contortis
665 1113 846 1180 enunciatie
881 1114 1044 1179 retinebat
1077 1115 1273 1180 luculentam
1304 1115 1578 1200 perspicuitatem,

275 1225 308 1286 et
325 1223 502 1306 figurarum
522 1222 721 1288 ornamentis
739 1241 805 1285 non
829 1220 988 1305 quaesitis
1004 1224 1097 1286 caute
1119 1225 1154 1284 et
1176 1226 1396 1307 temperanter
1417 1223 1577 1287 utebatur.

275 1328 482 1414 Fragmenta,
510 1351 592 1414 quae
625 1331 798 1413 supersunt
832 1327 1005 1394 admodum
1032 1349 1147 1412 parva,
1180 1349 1363 1394 sermonem
1391 1329 1578 1414 simplicem,

275 1436 432 1501 orationis
451 1457 580 1502 cursum
598 1435 728 1500 facilem
747 1439 780 1502 et
799 1435 984 1519 expeditum
1004 1436 1073 1499 sine
1096 1435 1269 1500 verborum
1292 1436 1578 1520 comprehensione

275 1548 309 1608 ct
346 1544 489 1608 numeris
532 1541 701 1626 exhibent,
742 1563 838 1625 saepe
875 1541 964 1606 omni
998 1542 1223 1608 coniunctione
1265 1543 1372 1608 soluta
1407 1543 1578 1608 verborum

277 1653 441 1716 structura
468 1653 502 1713 et
525 1671 678 1714 numerus
702 1649 770 1714 sine
794 1649 998 1714 dubitatione
1027 1653 1277 1715 commutantur.
1325 1649 1365 1714 In
1391 1651 1578 1715 universum

276 1754 397 1820 Critiae
430 1755 595 1820 orationes
627 1754 792 1840 simplices
822 1759 856 1821 et
888 1754 929 1820 ad
953 1754 1049 1820 fidem
1076 1755 1258 1821 faciendam
1290 1759 1386 1840 aptae
1414 1759 1579 1834 vocantur,

277 1861 402 1926 dicendi
430 1883 506 1927 vero
536 1863 603 1926 rim
637 1864 670 1927 et
700 1861 855 1945 impetum
894 1861 1113 1927 remissiorem
1145 1865 1178 1926 et
1210 1861 1415 1946 debiliorem,
1447 1881 1579 1926 suarem

277 1971 387 2033 tamen
406 1973 440 2033 et
458 1969 564 2033 lenem
581 1968 683 2033 fuisse
702 1967 857 2032 audimus.
898 1968 1058 2032 Affectum
1077 1967 1234 2034 blandum
1257 1969 1393 2054 denique
1416 1990 1482 2033 non
1499 1969 1580 2033 mul-

277 2079 347 2139 tum
366 2076 474 2140 valere
493 2075 718 2159 comperimus,
741 2075 795 2139 sed
820 2075 880 2139 sub
898 2074 1091 2141 defendendi
1115 2077 1221 2160 specie
1244 2075 1453 2142 vehementer
1471 2075 1580 2140 invehi

276 2183 309 2246 in
338 2182 540 2248 adversarios
569 2179 705 2246 Oritiam
734 2185 767 2246 et
795 2182 829 2246 in
852 2181 1045 2248 inveniendo
1068 2185 1102 2246 et
1124 2181 1305 2267 eloquendo
1328 2203 1449 2248 novum
1473 2185 1506 2245 et
1529 2203 1581 2246 au-

276 2288 482 2355 dacem·esse
505 2289 618 2354 soleress

366 2395 437 2472 Qua
456 2417 529 2460 cum
544 2395 762 2478 descriptione
778 2395 980 2479 eloquentiae
995 2394 1169 2480 Critianae,
1188 2417 1270 2481 quae
1288 2415 1441 2480 magnam
1454 2398 1580 2480 partem

277 2525 316 2567 ex
339 2501 540 2566 Philostrato
569 2500 687 2565 hausta
714 2504 773 2586 est,
799 2500 943 2566 eiusdem
969 2503 1193 2568 testimonium
1220 2502 1259 2566 de
1285 2500 1424 2568 Herodis
1456 2499 1580 2565 dicendi

277 2629 394 2694 genere
418 2612 451 2673 et
475 2605 599 2673 Critiae
622 2607 806 2674 imitatione
829 2609 1012 2675 consentire
1036 2614 1180 2694 apparet.
1225 2607 1300 2674 Una
1319 2612 1447 2674 tantum
1476 2610 1581 2672 exstat

278 2715 436 2782 dissensio
467 2715 501 2780 in
528 2714 706 2800 figurarum
734 2714 933 2780 ornamentis
961 2715 1168 2800 usurpandis,
1197 2716 1314 2801 quibus
1343 2712 1481 2780 Critiam
1502 2717 1581 2778 tem·

278 2803 438 2906 peranter,
460 2819 624 2885 Herodem
648 2819 850 2885 abundanter
872 2819 967 2885 usuni
991 2843 1061 2886 esse
1084 2821 1240 2888 audimus.
1262 2857 1299 2868 -
1323 2821 1413 2899 Quae
1439 2841 1512 2886 cum
1534 2819 1582 2884 ita

278 2929 357 3011 sint,
392 2927 545 2992 docemur
577 2924 772 2991 Philostrati
803 2925 1027 2992 testimonium
1061 2950 1098 2992 ex
1126 2928 1197 3011 ipso
1219 2927 1372 3009 ‘Herodis'
1395 2927 1579 2992 orationum

278 3037 412 3118 aspectu
447 3032 601 3096 haustum
634 3053 704 3096 esse
737 3036 770 3097 et
799 3032 898 3097 fidam
930 3053 1104 3119 veramque
1136 3055 1246 3098 earum
1279 3033 1455 3118 imaginem
1487 3032 1581 3097 nobis

277 3140 432 3224 praebere
451 3137 547 3203 certis
570 3139 658 3204 notis
682 3137 886 3224 descriptam,
910 3161 974 3224 qua
997 3161 1056 3205 nos
1080 3139 1131 3205 usi
1154 3161 1306 3206 mensura
1328 3139 1414 3204 hanc
1436 3143 1582 3204 nostram

279 3247 458 3312 orationem
481 3265 712 3331 recognoscere
734 3245 907 3328 possimus.

366 3353 437 3418 lam
456 3353 557 3438 igitur
578 3351 795 3436 quaerendum
814 3356 872 3437 est,
893 3357 1050 3437 quatenus
1073 3353 1269 3439 descriptum
1292 3353 1432 3420 Herodis
1456 3352 1582 3417 dicendi

280 3481 380 3546 genus
399 3460 433 3524 in
451 3458 637 3524 universum
660 3459 695 3523 in
717 3463 830 3526 nostra
853 3481 978 3544 quoque
1002 3459 1147 3525 oratione
1165 3461 1355 3544 reperiatur,
1374 3464 1407 3524 et
1424 3464 1581 3545 quatenus

279 3567 480 3653 singularum
512 3565 750 3650 proprietatum
779 3565 925 3650 exempla
955 3566 1143 3649 afferantur,
1175 3589 1256 3651 quae
1288 3566 1416 3651 quidem
1450 3570 1583 3650 propter

279 3673 489 3758 exiguitatem
512 3671 669 3736 orationis
694 3672 826 3755 copiosa
848 3694 918 3738 esse
941 3693 1007 3738 non
1029 3677 1174 3757 possunt.

369 3777 524 3844 Sermone
542 3781 654 3842 noster
672 3778 836 3844 cotidiano
851 3783 884 3844 et
898 3779 1039 3863 simplici
1058 3779 1169 3864 utitur,
1191 3780 1243 3844 cui
1261 3779 1391 3845 Atticae
1409 3779 1582 3844 nonnullae

279 3888 402 3952 formae
434 3883 665 3950 iminiscentur.
714 3883 767 3950 Ita
798 3887 1002 3970 reperiuntur
1035 3885 1141 3951 forma
1172 3888 1341 3952 contracta
1366 3881 1514 3968 θάτερον
1550 3889 1583 3950 et

278 3993 402 4058 formae
425 4014 484 4076 per
506 4007 549 4056 σο
571 4012 751 4075 expressae,
773 3990 829 4055 ubi
852 3991 1046 4056 recentiores
1070 4015 1106 4057 ιτ
1128 3996 1263 4076 ponunt,
1286 3991 1388 4058 velut:
1410 3987 1583 4075 πράσσειν,

278 4102 452 4184 κρείσσων.
507 4097 768 4182 Praepositiones
801 4098 849 4172 εἰς
880 4100 912 4161 et
941 4093 1006 4162 σύν
1035 4119 1160 4182 semper
1187 4097 1247 4162 hac
1275 4098 1453 4162 recentiore
1478 4097 1584 4162 forma

279 4209 477 4290 usurpantur
509 4209 542 4269 et
573 4205 672 4270 verba
698 4201 897 4286 γιγνώσκειν
924 4209 958 4268 et
984 4206 1162 4287 γίγνεσθαι
1192 4225 1318 4288 semper
1344 4200 1523 4287 γινώσκειν
1551 4207 1583 4267 et

279 4316 436 4396 γίνεσθαι
465 4311 662 4394 scribuntur,
689 4310 832 4394 exceptis
861 4307 997 4395 singulis
1026 4310 1141 4375 formis
1164 4321 1235 4387 τοῖς
1257 4308 1524 4394 ἐπιγιγνομένοις
1550 4311 1583 4372 et

279 4415 319 4484 ccl
347 4415 612 4503 γιγνωσκόμενα,
643 4439 724 4501 quas
757 4416 886 4502 quidem
918 4418 1028 4484 nescio
1057 4440 1099 4482 an
1125 4418 1273 4484 codicum
1303 4417 1479 4482 auctoritas
1503 4416 1582 4482 satis

279 4529 417 4590 tueatur.

369 4631 480 4698 Verba
512 4632 639 4706 poetica
672 4636 704 4696 et
731 4631 864 4696 insolita
891 4653 993 4716 pauca
1022 4636 1111 4717 sunt,
1138 4633 1173 4696 in
1203 4630 1320 4715 quibus
1351 4629 1583 4694 translationes

282 4741 361 4804 satis
386 4739 522 4804 audaces
545 4741 671 4822 χωρίον
694 4742 728 4802 et
750 4733 889 4823 εὕρημα,
913 4760 996 4822 quae
1020 4739 1205 4824 significant
1227 4737 1405 4804 utilitatem
1434 4736 1583 4802 hostibus

281 4868 320 4910 ex
344 4844 503 4910 seditione
531 4844 691 4929 oblatam,
719 4847 751 4909 et
773 4865 837 4909 vox
859 4840 1011 4928 σκληρός.
1061 4845 1226 4910 Poeticum
1254 4843 1414 4929 quendam
1442 4843 1583 4908 colorem
