3572 5472
773 305 990 368 ..21-

225 463 438 551 σνγγνύμην.
464 503 502 514 -
529 461 571 530 ού
596 460 661 549 γὰρ
689 459 910 548 ἀδικούμενος
936 456 996 546 ὑφ’
1022 457 1133 547 ἡμῶν,
1161 457 1235 528 ἀλλ’
1261 457 1392 530 ἀδικεῖν
1415 460 1534 547 βουλό-

226 597 325 658 μενος
343 569 465 658 ἐχθρὸς
483 567 564 657 ἡμῖν
584 571 687 654 ἐστιν,
706 571 903 636 eontrarium
923 571 1030 636 minus
1049 571 1270 655 artificiosum,
1294 572 1370 655 quia
1387 571 1534 656 neglecta

225 681 437 764 congruentia
455 684 489 744 et
507 680 703 764 aequalitate
722 678 808 762 quod
827 699 995 744 commune
1015 681 1065 744 est
1082 677 1250 762 utriusque
1269 677 1407 742 membri
1426 681 1534 762 poste-

224 787 303 852 riori
326 791 456 852 tantum
479 788 670 872 apponitur,
691 789 859 869 praeterea
882 785 1173 868 annominationis,
1197 807 1279 869 quae
1302 784 1420 850 dieitur
1440 807 1534 868 paro-

224 895 385 978 nomasia,
410 894 594 978 exemplum
616 893 759 976 praebet.
786 928 822 938 -
848 885 892 974 ἣν
916 886 972 956 διά
996 887 1058 975 μέν
1080 886 1142 974 τὴν
1165 886 1328 978 ἡμετέραν
1352 885 1534 956 ἀσθένειαν

226 999 307 1083 ἕξει,
331 1037 374 1048 -
398 995 454 1066 διά
478 995 515 1064 δέ
538 995 685 1083 δύναμιν
708 994 800 1063 ἀκων
822 991 1002 1080 ἀποδώσει,
1026 1001 1223 1064 eontrarium
1249 1020 1321 1066 oum
1348 997 1534 1064 homoeote-

226 1107 331 1190 leut0,
358 1107 444 1192 quod
473 1107 610 1172 efficitur
637 1105 772 1189 syllabis
801 1106 961 1172 similibur
989 1105 1023 1170 ln
1050 1105 1168 1170 ultima
1195 1110 1289 1190 parte
1316 1107 1534 1172 membrorum

223 1214 402 1280 collocatio.
422 1251 463 1260 -
483 1209 523 1278 τὰ
541 1236 639 1278 κοινα
659 1209 721 1297 μὲν
741 1213 810 1277 ίδια
834 1213 1020 1294 ποιοῦντες,
1042 1207 1083 1276 τά
1107 1209 1143 1278 δέ
1166 1214 1233 1279 νῦν
1258 1214 1402 1278 ἰδιωτῶν
1423 1209 1533 1295 κοινά,

224 1321 449 1405 eontrarium,⁴
473 1321 562 1386 ouius
600 1319 746 1384 membra
783 1341 821 1384 ex
858 1319 984 1384 diverso
1020 1317 1194 1404 oollooata,
1231 1320 1315 1404 quod
1353 1319 1534 1386 ohiasmum

223 1428 430 1509 grammatici
467 1427 647 1511 appellant,
684 1425 984 1492 annominationem
1020 1426 1187 1509 praebent.
1226 1465 1263 1474 -
1281 1415 1329 1514 ,ᾦ
1365 1426 1533 1511 προσῆκεν

223 1531 389 1616 ἐπαμῦναι
410 1530 493 1600 κατά
517 1557 555 1616 γε
573 1529 692 1616 νόμον,
715 1526 799 1597 ἀλλά
817 1527 862 1617 μὴ
881 1527 1085 1618 παρανόμως
1103 1527 1273 1616 ἀπολέσαι,
1297 1533 1409 1598 eadem
1427 1533 1533 1618 figura

223 1663 296 1705 oum
319 1641 487 1724 pareohosi
511 1640 731 1706 membrorum
754 1642 1016 1704 externorum-et
1035 1639 1301 1705 annominatione
1320 1639 1533 1704 internorum.

223 1783 265 1792 —
289 1741 362 1811 ἀλλ’
386 1741 580 1818 ,ἀδικεῖσθαι
599 1742 660 1830 μέν
684 1741 852 1829 φήσομεν,
875 1739 1066 1829 ἀμύνεσθαι
1090 1739 1121 1808 δ’
1149 1738 1190 1810 οῦ
1212 1740 1422 1829 βουλόμεθα;
1456 1766 1533 1810 oon-

222 1856 373 1937 trarium,
400 1855 534 1938 parison
561 1875 633 1918 eum
660 1851 828 1935 pareohesi
854 1852 1027 1918 verborum
1054 1845 1246 1916 ἀδικεῖσθαι
1276 1854 1310 1916 et
1332 1845 1532 1935 ἀμύνεσθαι.

225 1997 261 2008 -
289 1955 373 2026 ἀλλά
395 1957 581 2044 βούλεσθαι
604 1957 681 2044 μέν,
710 1953 883 2023 δύνασθαι
906 1955 938 2022 δ’
965 1954 1022 2036 οῦς
1051 1959 1162 2023 eadem
1185 1959 1299 2044 figura.
1323 1995 1365 2004 -
1389 1953 1533 2042 ἐχθρούς

223 2064 260 2132 δέ
287 2069 435 2150 νομίζειν
462 2061 541 2142 τούς
568 2059 785 2148 ἀδικοῦντας,
817 2067 938 2149 φίλους
966 2061 1003 2130 δέ
1031 2060 1109 2142 τούς
1132 2061 1378 2150 ἐπαμύνοντας,
1405 2069 1532 2132 eontra·

222 2174 306 2238 rium
325 2195 398 2238 oum
417 2172 699 2238 homoeoeataroto
720 2175 752 2238 et
769 2172 1041 2257 homoeoteleuta,
1066 2194 1138 2237 oum
1157 2172 1251 2238 initia
1274 2177 1307 2238 et
1329 2172 1410 2237 fines
1434 2194 1532 2237 mem-

221 2282 354 2346 brorum
383 2279 496 2344 eodem
524 2279 619 2344 modo
648 2279 775 2344 cadant.
804 2315 841 2324 —
868 2272 1019 2342 ἀπιστεῖν
1043 2275 1081 2343 δέ
1108 2290 1178 2355 τοῖς
1206 2281 1332 2362 φίλοις,
1365 2273 1533 2344 πιστεύειν

222 2383 259 2452 δὲ
291 2397 361 2464 τοῖς
397 2385 547 2471 ἐχθροῖς,
585 2385 784 2452 eontrarium
821 2406 894 2449 oum
926 2385 1205 2470 annominatione‚
1240 2385 1534 2470 homoooeatareto,

224 2495 494 2560 homoeoteleuto.

309 2601 402 2666 Alias
425 2601 561 2684 figuras,
586 2621 668 2684 quae
692 2605 876 2685 occurrunt,
898 2602 961 2668 hoo
983 2603 1066 2684 loeo,
1089 2622 1161 2666 oum
1185 2621 1373 2664 enumerare
1397 2601 1532 2684 longum

222 2709 279 2792 sit,
307 2708 462 2791 exemplis
489 2707 654 2772 illustrare
681 2707 791 2772 lineat:
824 2703 866 2772 ού
894 2703 957 2792 γάρ
985 2703 1120 2790 ἀδικον,
1148 2712 1238 2790 είπερ
1262 2700 1280 2771 ὁ
1304 2702 1384 2772 τάδε
1407 2703 1533 2792 δράσας

221 2808 283 2880 ούκ
305 2807 427 2898 ἀδικεῖ,
451 2849 493 2860 -
518 2810 577 2878 έάν
600 2808 683 2897 πρὸς
705 2810 809 2880 ταῦτά
832 2837 882 2891 τις
910 2809 1082 2904 ἀντιλέγῃ,
1114 2808 1260 2878 τοσαῦτά
1287 2835 1345 2896 μοι
1372 2812 1531 2898 λελέχθω,

222 2959 264 2971 --
288 2918 389 3006 μόνοι
411 2922 479 2988 τῶν
498 2917 671 3006 Ἑλλήνων
694 2923 741 2998 είς
763 2917 825 3006 τὴν
844 2915 1024 3004 Ἑλληνίδα
1047 2922 1237 3004 συμμαχίαν
1261 2911 1302 2984 ού
1325 2926 1532 3004 συναριθμη-

221 3025 365 3112 σόμεθα,
392 3065 428 3074 -
455 3023 567 3112 χώραν
590 3031 748 3112 πλείστην
771 3025 827 3092 καὶ
854 3032 990 3094 πλείστα
1019 3024 1228 3110 δυναμένην,
1254 3063 1292 3074 —-
1318 3022 1433 3091 δεινόν
1462 3025 1532 3092 ἐστι

220 3131 360 3211 τούτους
391 3135 489 3220 κοινῇ
520 3133 673 3219 τρέφειν,
710 3137 746 3200 οἳ
776 3131 838 3220 τὴν
870 3131 970 3200 πόλιν
1002 3133 1044 3199 ού
1073 3129 1194 3217 κοινὴν
1225 3128 1306 3218 ἡμῖν
1337 3131 1531 3218 παρέχουσι,

199 3323 205 3328 “
225 3240 517 3307 annominationea

309 3341 464 3432 ἁρπαγὴν
480 3343 518 3412 δέ
531 3343 640 3432 χώρας
657 3345 713 3412 καλ
731 3343 909 3434 χρημάτων
927 3341 1066 3432 φθοράν
1084 3343 1140 3410 καλ
1158 3358 1229 3423 τοῖς
1248 3345 1383 3431 έχθροίς
1400 3339 1530 3430 τ’,δονὴν

220 3452 276 3518 καί
298 3465 368 3530 τοῖς
391 3456 503 3539 φίλοις
526 3449 722 3540 συμφοράν,
745 3453 996 3538 polysyndeton,
1018 3453 1213 3537 pareohosis‚
1236 3453 1529 3520 homoeoteleuton.

222 3597 260 3606 -
286 3558 342 3625 καλ
364 3557 416 3626 ὅτι
439 3555 574 3644 ἀγαθόν
597 3559 684 3643 ἐστι,
707 3558 762 3626 καὶ
786 3555 837 3625 ὅτι
860 3555 1015 3643 χαλεπόν,
1038 3581 1236 3644 paromoeon
1259 3581 1330 3625 oum
1355 3560 1529 3644 anaphora.

220 3703 263 3714 -
286 3660 385 3732 ὁπότε
411 3663 506 3751 τύχοι
533 3667 601 3732 τῶν
626 3661 740 3734 αὐτῶν
763 3667 863 3751 ίερῶν
886 3666 1062 3732 κοινωνοῦν
1094 3661 1112 3730 ὁ
1141 3665 1245 3730 ταῦτα
1274 3667 1366 3750 δρῦν
1394 3660 1535 3750 καὶτῆς

220 3766 323 3856 αὐτῆς
346 3773 455 3858 φυλῆς
478 3768 543 3855 ἀν,
566 3775 764 3858 μοεοολιεείε,
791 3811 828 3851 -,
850 3769 982 3839 τούτων
1002 3769 1138 3838 πάντων
1160 3770 1215 3837 καλ
1238 3770 1360 3857 ἑτέρων
1384 3773 1529 3854 πολλῶν,

220 3879 332 3944 eadem
364 3879 478 3964 figura.
513 3916 551 3926 —
586 3883 798 3966 Κορινθίους
830 3874 1040 3963 αὐτονόμους
1072 3873 1171 3956 ὄντας
1202 3876 1257 3943 καλ
1294 3879 1363 3944 τοῖν
1401 3876 1528 3942 ἑαυτῶν

220 3985 439 4069 κρατοῦντας,
472 3981 625 4070 Ἀχαιούς
658 3983 695 4052 δὲ
726 3982 810 4071 πρὸς
841 3983 972 4062 τούτοις
1005 3980 1080 4052 ούτε
1113 3988 1269 4062 πλείονας
1297 3980 1396 4062 ὄντας
1423 3979 1529 4069 ἡμῶν,

220 4087 296 4158 οῦτε
327 4087 410 4158 κατά
442 4095 576 4170 πλείους
609 4093 800 4177 οἰκοῦντας,
830 4089 979 4170 Ἠλείους
1011 4090 1049 4158 δὲ
1079 4091 1134 4158 καὶ
1171 4091 1332 4176 Τεγεάτας
1363 4090 1418 4156 καὶ
1449 4087 1529 4169 τοὺς

219 4193 342 4276 ἀλλους
353 4193 523 4283 Ἀρκάδας,
543 4193 779 4284 ἀστυγείτονας
797 4196 911 4278 όνταςς
930 4194 1005 4265 ἐνθ’
1027 4193 1138 4276 οὐδεὶς
1158 4195 1279 4284 εῦρηκέ
1294 4220 1345 4264 πω
1367 4200 1528 4264 Λακεδαι-

220 4299 343 4387 μόνιον
356 4299 513 4389 ἀρχοντα,
532 4300 643 4390 ὥσπερ
663 4299 737 4370 οὐδ’
755 4302 880 4371 ένθάδε
894 4302 1092 4372 Μακεδόνα·
1124 4309 1291 4384 πολιτείας
1306 4303 1342 4370 δὲ
1355 4307 1528 4390 πανταχοῦ

220 4408 276 4476 καὶ
303 4407 430 4494 νόμους
457 4409 662 4497 ἐπιστάμεθα
688 4411 861 4497 κειμένους
883 4410 938 4476 καί
960 4408 1001 4477 τά
1024 4407 1122 4478 κοινά
1145 4414 1242 4498 κοινῇ
1265 4411 1528 4498 καρπουμένους,

220 4517 419 4601 ματεολιεείε,
441 4517 712 4604 homoeoptoton,
736 4518 910 4603 anaphora.
936 4555 973 4564 -
999 4515 1056 4582 καὶ
1078 4514 1247 4584 πιστεύειν
1270 4515 1330 4602 μὲν
1354 4529 1424 4594 τοῖς
1445 4512 1528 4602 ἀφε-

219 4623 328 4706 λοῦσι,
347 4618 514 4709 ὀρρωδεῖν
533 4621 570 4690 δὲ
587 4620 667 4701 τούς
685 4619 730 4708 μὴ
748 4620 934 4707 τοιούτους,
952 4661 989 4672 -
1007 4619 1151 4709 ἀφελεῖν
1165 4621 1202 4690 δὲ
1220 4619 1299 4700 τοὺς
1316 4619 1528 4707 ἀδικοῦντας,

219 4725 358 4813 φεύγειν
391 4725 429 4812 δὲ
460 4725 539 4808 τοὺς
570 4727 799 4815 βουλομένους
830 4724 989 4815 ἀφελεῖν,
1017 4767 1060 4778 -
1093 4727 1290 4816 πειθόμενοι
1322 4721 1385 4822 οῦν
1408 4779 1527 4796 ......

221 4832 396 4921 δεξάμενοι
420 4835 459 4902 δέ
480 4886 599 4903 ......
621 4837 912 4904 homoeooatarota.
