3572 5472
817 305 1036 371 ,χρ-

365 467 498 533 Praeter
525 466 606 531 illud
636 460 716 531 οὐδὲ
743 462 817 548 περί
845 466 903 549 τῆς
929 461 1057 542 πόλεως
1083 464 1122 528 de
1150 466 1282 548 regione
1305 463 1426 552 (χώρα)
1449 469 1578 532 tantum

276 576 399 660 agitur,
428 595 509 658 quae
533 573 650 638 civium
674 573 881 638 multitudine
905 579 938 638 et
961 573 1153 658 oppidorum
1177 573 1397 658 magnitudine
1420 573 1577 640 Achaiam

277 684 405 765 aequet,
432 680 523 764 regio
546 679 649 765 igitur
672 679 767 746 nobis
792 679 965 763 cogitanda
989 683 1051 759 est,
1080 702 1162 764 quae
1185 679 1276 744 urbis
1299 679 1484 764 principatu
1507 701 1578 745 con-

274 787 424 852 tineatur.
470 784 568 852 Cuius
591 786 733 872 regionis
757 786 907 851 civitates
931 786 1052 852 liberae
1075 787 1216 850 minores
1241 807 1310 850 esse
1336 785 1498 869 videntur,
1522 787 1577 870 qui

274 888 488 968 πιστεύοντες
510 887 602 976 ἡμῖν,
625 881 674 958 ὧν
697 883 742 956 δι’
767 886 854 976 ἡμᾶς
878 887 940 957 οόκ
963 887 1054 977 ὀρξει
1072 896 1238 976 vocantur,
1262 897 1335 958 cu'm
1354 892 1432 957 illud
1450 889 1577 957 πιστεύ-

276 1021 370 1075 οντες
397 999 581 1064 liberiorem
610 998 828 1065 conditionem
856 998 1031 1084 significet,
1062 1021 1160 1084 quam
1187 1021 1226 1063 ea
1253 1002 1336 1082 erat,
1368 1021 1432 1082 qua
1465 1002 1577 1082 gentes

275 1105 506 1171 Thessalorum
536 1105 652 1170 ditioni
681 1105 844 1172 subiectae
879 1085 1037 1190 (ὑπήκοοι
1068 1106 1136 1170 τῶν
1170 1101 1363 1190 Θεσσαλῶν)
1394 1105 1577 1172 utebantur.

273 1211 439 1278 Habemus
467 1213 568 1297 igitur
595 1213 710 1277 urbem
737 1211 898 1278 Archelao
926 1213 1112 1296 finitimam,
1145 1235 1226 1297 quae
1254 1212 1349 1277 unius
1378 1233 1395 1275 e
1424 1215 1577 1297 quattuor

272 1318 464 1384 Thessaliae
488 1318 689 1404 regionibus,
717 1341 797 1403 quas
820 1319 963 1385 tetradeo
985 1323 1118 1404 vocant,
1140 1319 1359 1404 principatum
1382 1319 1522 1399 obtinet,
1545 1324 1577 1386 et

273 1428 417 1490 statuere
440 1426 618 1510 poterimus
641 1424 726 1490 hanc
750 1447 820 1490 esse
843 1426 929 1490 inter
951 1429 1105 1510 quattuor
1124 1426 1272 1511 regiones
1292 1425 1430 1490 maxime
1449 1429 1576 1509 septen-

273 1532 447 1598 trionalem
473 1531 745 1616 Hestiaeotidem,
775 1531 865 1598 cuius
893 1536 991 1618 caput
1018 1537 1068 1598 est
1095 1531 1237 1598 Larissa.
1283 1531 1376 1608 Quod
1399 1554 1476 1596 vero
1499 1532 1577 1598 dicit

273 1641 383 1704 orator
405 1639 544 1704 Phocios
567 1639 733 1722 proximos
757 1637 956 1706 Graecorum
980 1661 1057 1705 suae
1080 1639 1208 1704 civitati
1231 1638 1387 1723 incolere,
1414 1638 1476 1704 hoc
1504 1639 1576 1704 loco

272 1748 399 1810 ceterae
426 1747 494 1811 tres
523 1745 710 1810 Thessaliae
737 1745 901 1830 regiones,
929 1745 1046 1831 quippe
1074 1767 1156 1830 quae
1184 1748 1218 1812 et
1244 1745 1335 1830 ipsae
1362 1767 1383 1808 a
1410 1744 1576 1812 Thessalis

271 1855 447 1937 occupatae
471 1852 545 1936 sint5
567 1851 881 1937 praetermittuntur.

359 1957 492 2024 Larissa
513 1959 617 2042 igitur
643 1962 727 2024 teste
749 1955 880 2023 Herode
909 1958 965 2024 diu
992 1957 1039 2023 rei
1066 1957 1215 2040 publicae
1243 1959 1404 2024 rationem
1428 1959 1567 2042 petierat

272 2064 402 2147 qualem
431 2065 552 2149 ubique
575 2063 823 2130 Lacedaemonii
851 2064 1063 2148 adiuvabant,
1086 2067 1199 2149 gentes
1224 2065 1347 2130 scilicet
1371 2064 1498 2130 nobiles
1515 2065 1576 2128 'diu

271 2171 516 2255 contenderant,
549 2174 586 2236 ut
615 2193 651 2235 re
677 2172 809 2255 publica
838 2171 1095 2238 administranda
1123 2172 1319 2256 potirentur,
1349 2175 1382 2237 et
1410 2176 1575 2256 postremo

270 2278 369 2361 potiti
393 2282 494 2344 erant.
540 2277 630 2355 Quae
652 2282 763 2344 tamen
784 2301 871 2366 noya
893 2279 941 2344 rei
963 2279 1112 2363 publicae
1134 2278 1241 2344 forma
1262 2278 1459 2362 eligarohiae
1478 2279 1576 2363 paulo

272 2385 411 2450 similior
438 2385 557 2468 fuerat,
587 2407 685 2469 quam
713 2407 770 2450 eae
791 2385 955 2466 civitates,
985 2409 1067 2472 quae
1085 2385 1414 2450 Lacedaemoniorum
1437 2385 1575 2450 auctori-

270 2495 338 2556 tate
358 2476 562 2576 'regebantur
588 2489 634 2578 (εί
660 2487 702 2576 δὴ
725 2487 885 2576 προσήκει
908 2487 1100 2578 ὀλιγαρχίας
1122 2490 1232 2576 λέγειν
1255 2490 1385 2568 ἐκείνας
1407 2487 1491 2577 πρὸς
1518 2489 1576 2569 τὰς

270 2595 422 2684 ἐνθάδε).
466 2597 620 2663 Omnium
647 2598 769 2663 civium
796 2599 868 2664 iure
897 2604 1035 2684 aequata
1058 2604 1092 2665 et
1114 2599 1256 2684 penestis
1281 2619 1408 2683 quoque
1431 2599 1574 2664 civitatis

269 2708 398 2788 partem
426 2703 536 2768 datam
568 2725 637 2770 esse
664 2704 792 2770 nullum
820 2707 926 2770 exstat
956 2705 1125 2789 indicium,
1152 2703 1338 2770 interfuisse
1365 2725 1441 2770 vero
1469 2705 1574 2790 plebis

271 2833 399 2894 quoque
423 2815 456 2876 et
478 2815 687 2895 penestarum
710 2811 953 2876 multitudinem
975 2811 1136 2896 seditioni,
1159 2813 1192 2875 et
1214 2831 1324 2878 eorum
1343 2810 1467 2876 viribus
1486 2811 1574 2875 nisos

272 2917 446 3001 optimates
465 2917 602 3008 imperio
621 2917 777 2982 deiecisse
796 2917 998 2982 adversarios
1017 2939 1090 2983 cum
1109 2917 1278 2982 seditionis
1298 2939 1395 2982 saeva
1411 2917 1576 3001 atrocitas,

269 3028 340 3088 tum
368 3023 438 3088 illa:
467 3021 520 3088 ἐπὶ
546 3019 640 3100 τοὺς
666 3019 817 3099 ποίντας
845 3015 907 3086 οὐκ
934 3018 1086 3107 ὤκνησεν
1118 3021 1245 3102 ἐλθεῖν,
1277 3025 1323 3086 et:
1356 3023 1387 3088 si
1416 3019 1453 3087 et
1484 3018 1575 3100 τοὺς

269 3125 440 3206 πολλοὺς
463 3127 543 3214 μετὰ
565 3131 633 3196 τῶν
654 3124 781 3213 ὀλίγων
800 3127 1069 3215 καταστρέψαιτο,
1085 3165 1123 3176 -
1140 3129 1371 3194 demonstrant.
1402 3129 1574 3196 Praeterea

270 3237 532 3303 adversariorum
562 3237 654 3302 illud:
688 3231 761 3301 ἀλλ’
797 3231 993 3320 ὀλιγαρχίαν
1025 3231 1219 3320 ἁπανταχοῦ
1251 3235 1431 3302 καθιστᾶσι
1461 3237 1574 3302 tertias

181 3340 186 3351 '
270 3366 340 3408 esse
367 3347 478 3428 partes
505 3342 712 3428 popularium
741 3341 878 3427 indicat,
907 3363 987 3427 quos
1012 3341 1262 3408 Atheniensium
1289 3342 1385 3407 rebus
1414 3342 1574 3408 studuisse

271 3449 477 3534 Thucydides
505 3449 614 3515 tradit
665 3448 878 3516 Adversarios
906 3451 1015 3514 autem
1043 3447 1084 3513 ab
1114 3449 1326 3533 optimatibus
1353 3448 1491 3532 imperio
1522 3449 1574 3514 de·

271 3557 373 3622 iectos
397 3557 563 3642 dynastas,
587 3579 668 3642 quos
686 3559 813 3638 vocant,
836 3555 936 3620 fuisse
956 3550 1064 3639 ὀλίγοι
1082 3555 1163 3620 illud
1181 3553 1321 3622 Herodis
1340 3555 1471 3640 indicat,
1494 3577 1573 3640 quos

270 3662 433 3728 Aleuadas
460 3663 561 3728 tuisse
590 3662 767 3728 verisimile
796 3666 854 3728 est.
881 3697 918 3708 -
945 3661 1075 3728 Novum
1102 3665 1213 3726 tamen
1242 3661 1449 3746 optimatium
1472 3663 1574 3746 impe-

269 3770 352 3835 rium
385 3770 572 3851 diuturnum
603 3791 670 3833 non
701 3769 823 3852 fuerat,
856 3770 1014 3853 dynastae
1048 3768 1134 3832 enim
1162 3767 1329 3852 Archelai,
1359 3768 1572 3836 Macedonum

269 3877 366 3961 regis,
386 3876 541 3942 auxilium
559 3875 825 3960 imploraverant,
843 3875 898 3960 qui
914 3874 1109 3940 discordiam
1128 3875 1319 3940 intestinam
1337 3893 1492 3960 magnum
1511 3875 1573 3940 sibi

268 3981 466 4065 praesidium
489 3985 581 4047 ratus
605 4003 678 4047 oum
699 3982 810 4066 paucis
833 3982 1074 4048 multitudinem
1098 3982 1280 4066 opprimere
1309 4002 1376 4046 non
1404 3985 1572 4046 cunctatus

270 4093 341 4153 erat
371 4109 409 4153 ea
438 4109 494 4174 spe
522 4093 718 4173 commotus,
745 4090 815 4154 tore
843 4091 880 4152 ut
902 4088 1086 4173 potioribus
1109 4088 1281 4154 debellatis
1300 4087 1397 4154 facile
1421 4087 1571 4153 omnibus

251 4195 439 4279 potiretur.
483 4194 558 4278 lpse
581 4193 746 4260 Larissam
769 4199 901 4260 venerat
923 4198 957 4260 et
978 4194 1050 4280 ipso
1074 4197 1245 4279 praesente
1268 4215 1379 4260 omnes
1405 4193 1572 4261 seditionis

271 4302 473 4367 calamitates
493 4304 526 4365 et
549 4301 672 4366 scelera
697 4305 789 4367 erant
812 4301 994 4368 commissa
1039 4298 1121 4365 Cum
1144 4305 1253 4368 tamen
1273 4300 1451 4366 Archelaus
1469 4303 1572 4366 totam

270 4430 339 4474 rem
358 4408 522 4492 publicam
542 4429 619 4474 suae
638 4407 771 4473 ditionis
789 4408 894 4474 facere
914 4411 947 4474 et
964 4407 1163 4492 praefectum
1176 4406 1385 4472 Macedonem
1403 4407 1573 4474 instituere

268 4537 334 4580 non
362 4515 537 4600 potuisset,
563 4515 598 4578 in
625 4514 771 4599 dynastis
798 4514 1008 4580 restituendis
1035 4510 1131 4600 (μήτε
1157 4515 1328 4580 πολιτείαν
1360 4508 1461 4596 εἶναι,
1493 4509 1572 4597 μήτε

241 4673 246 4678 .
269 4618 393 4706 νόμον,
416 4617 497 4706 μήτε
522 4621 637 4705 δίκας),
661 4621 771 4686 decem
794 4620 961 4686 obsidibus
985 4621 1188 4707 accipiendis,
1213 4641 1292 4705 agro
1316 4620 1454 4704 denique
1474 4620 1573 4684 Thes·

269 4728 413 4794 satorum
446 4727 553 4812 patrio
586 4727 772 4812 occupando
803 4727 835 4792 ei
862 4726 970 4792 fuerat
998 4726 1273 4812 acquiescendum.
1322 4725 1413 4813 Ager
1445 4747 1520 4792 vcro
1553 4747 1573 4790 a

269 4835 447 4901 maioribus
470 4834 609 4928 traditus
633 4837 666 4899 et
688 4835 728 4900 ab
747 4833 911 4900 Archelao
930 4837 1107 4918 occupatus
1125 4833 1384 4900 Perrhaeborum
1406 4833 1486 4900 fines
1509 4833 1573 4900 dici
