3572 5472
817 324 1032 392 ..34-

268 488 380 552 menta
407 485 569 552 laboriose
597 507 669 552 eum
699 485 932 572 conquisivisse
961 486 1096 554 minime
1124 488 1175 552 est
1201 486 1379 568 probabile.
1424 486 1577 556 Revera

267 614 332 658 una
355 591 494 658 Herodis
518 593 639 678 oratio,
668 593 758 658 001οι
782 583 1009 680 argumentum
1032 592 1135 658 tradit
1156 591 1375 661 Philostratus
1399 615 1430 677 p.
1445 594 1519 677 574,
1541 594 1576 660 in

267 719 374 764 rerum
407 703 572 786 gestarum
605 701 763 769 memoria
789 704 946 768 versatur.
991 699 1112 785 Agitur
1139 700 1226 766 enim
1254 699 1294 766 de
1321 699 1576 770 Atheniensibus

268 806 303 871 iu
317 803 430 871 Sicilia
442 807 630 891 vulneratis,
650 808 705 892 qui
724 829 743 872 a
761 807 1040 874 commilitonibus
1055 807 1294 872 discedentibus
1313 807 1419 874 relicti
1438 811 1576 876 mortem

268 912 331 978 sibi
362 916 492 1000 petunt,
524 917 558 977 et
589 913 661 978 finis
690 915 861 999 orationis,
894 915 949 1000 qui
977 916 1085 980 exstat
1113 913 1199 999 apud
1225 911 1473 982 Philostratum:
1506 911 1574 978 Nori

266 1021 381 1102 Νικία,
399 1017 455 1084 cul
473 1015 587 1106 πάτερ,
606 1013 712 1098 οὕτως
726 1013 873 1105 Ἀθήνας
891 1021 989 1097 ἴδοις·
1013 1019 1106 1088 valde
1121 1018 1318 1104 Thucydidis
1337 1017 1576 1105 ἐπιθειασμούς

268 1131 301 1190 01
320 1122 470 1212 οἰμωγήν
488 1126 604 1212 resipit
623 1124 718 1213 (VIII
743 1124 810 1214 75).
847 1125 962 1194 Altera
980 1127 1095 1212 oratio,
1117 1128 1208 1192 cuius
1225 1125 1445 1218 Philostratus
1464 1149 1494 1212 p.
1509 1125 1574 1194 539

267 1233 465 1299 mentionem
475 1232 562 1318 facit,
576 1236 711 1319 tropaea
726 1232 849 1300 Graeca
863 1235 949 1300 bello
964 1233 1240 1318 Peloponnesiaco
1256 1234 1438 1319 composito
1453 1233 1575 1302 destrui

267 1339 372 1424 iubet,
404 1340 460 1406 sed
492 1339 554 1405 hcc
584 1343 812 1426 argumentum
839 1363 860 1406 a
885 1339 1060 1406 Polemone
1089 1345 1185 1408 antea
1213 1361 1322 1408 coram
1349 1340 1479 1408 Herode
1507 1343 1576 1406 erat

265 1449 443 1513 tractatum
466 1449 499 1512 et
522 1446 731 1514 aemulationi
755 1447 1005 1533 suppeditatum.

356 1553 478 1630 Quodsi
505 1554 572 1620 iam
600 1555 784 1640 argumenti
808 1554 1004 1620 obscuritate
1029 1557 1062 1619 et
1083 1553 1222 1622 Herodis
1246 1555 1441 1624 auctoritate
1464 1553 1573 1639 opinio

267 1665 429 1747 movetur,
459 1662 641 1728 orationem
662 1641 818 1728 'nostram
848 1663 883 1726 in
915 1683 1023 1728 rerum
1056 1666 1222 1748 gestarum
1255 1663 1412 1730 memoria
1441 1663 1573 1746 versari,

268 1769 452 1852 argumenti
477 1772 634 1834 concentu
658 1771 691 1832 et
712 1769 947 1852 probabilitate
970 1767 1052 1837 haec
1074 1771 1235 1838 sententia
1259 1771 1474 1839 confirmatur.
1510 1769 1574 1840 Ex·

267 1875 402 1958 plicatio
426 1876 512 1942 enim
537 1874 720 1960 argumenti
738 1875 849 1940 docuit
868 1875 1059 1959 orationem,
1082 1878 1231 1960 quamvis
1255 1879 1436 1962 obscuram,
1453 1881 1573 1961 tamen,

268 1987 426 2070 quantum
456 1983 597 2050 orationi
626 2004 707 2067 opus
736 1986 800 2063 est,
832 1981 1072 2050 sibi'constare
1099 1986 1132 2048 et
1159 1984 1199 2049 de
1227 1984 1370 2050 civitatis
1394 1983 1574 2066 descriptae

267 2091 408 2178 nomine,
431 2092 480 2156 rei
502 2090 652 2176 publicae
671 2089 862 2175 rationibus,
880 2088 1035 2154 Archelai
1054 2089 1237 2158 actionibus
1256 2094 1289 2158 et
1306 2091 1444 2175 iniuriis,
1467 2111 1573 2158 rerum

268 2195 465 2264 Graecarum
494 2196 690 2280 conditione,
718 2196 1046 2264 Lacedaemoniorum
1074 2196 1220 2263 consiliis
1249 2202 1371 2267 certam
1404 2198 1573 2264 scientiam

267 2304 389 2370 afferre.
422 2301 504 2370 Oum
522 2326 599 2370 vero
618 2307 724 2368 totum
748 2307 976 2390 argumentum
1000 2325 1134 2370 concors
1158 2305 1203 2370 sit
1226 2304 1289 2373 sibi
1310 2309 1343 2370 et
1361 2305 1443 2372 bene
1463 2302 1574 2370 cohae-

266 2414 358 2476 reant
380 2414 501 2497 partes,
524 2411 653 2496 singula
676 2413 745 2476 tam
767 2410 940 2494 perspicua
963 2413 1040 2476 sunt
1063 2413 1096 2475 et
1119 2431 1279 2496 expressa,
1303 2433 1400 2496 quam
1423 2411 1573 2476 intanto

267 2518 422 2603 temporis
446 2519 619 2586 intervallo
643 2517 783 2602 cogitari
805 2539 873 2584 non
894 2520 1019 2602 potest,
1042 2517 1105 2582 nisi
1128 2515 1291 2582 Herodem
1313 2539 1365 2582 res
1389 2520 1499 2602 gestas
1521 2515 1573 2582 de·

259 2626 435 2710 scripsisse
458 2629 491 2690 et
514 2646 552 2692 er
576 2628 722 2692 veterum
746 2625 941 2710 scriptorum
970 2625 1187 2690 monumentis
1214 2624 1362 2693 hausisse
1391 2625 1575 2694 statuimus.

267 2730 386 2799 Credat
417 2733 495 2798 licet
528 2733 691 2818 quispiam
724 2732 921 2800 seditionum
949 2730 1198 2816 descriptionem
1226 2754 1246 2796 a
1272 2731 1413 2798 rhetoris
1441 2731 1573 2817 ingenio

267 2840 406 2906 inueniri
433 2840 594 2925 potuisse,
620 2842 732 2906 tamen
762 2837 916 2906 Archelai
945 2837 1063 2923 agendi
1090 2838 1248 2923 rationes,
1272 2838 1327 2922 qui
1354 2839 1470 2908 callide
1496 2860 1573 2907 usus

267 2945 437 3014 discordiis
466 2945 614 3012 civilibus
645 2968 719 3012 cunr
746 2947 857 3030 paucis
886 2945 1128 3012 multitudinem
1161 2964 1334 3030 aggressus
1367 2946 1424 3031 sit,
1455 2949 1493 3010 01
1521 2945 1574 3012 his

267 3054 428 3140 superatis
457 3053 606 3120 omnibus
634 3053 822 3139 imperaret,
848 3091 885 3102 —
911 3052 1054 3138 regionis
1085 3051 1197 3118 deinde
1225 3051 1475 3136 descriptionem
1499 3053 1573 3118 sub·

266 3163 358 3229 tilam
377 3165 411 3228 et
428 3161 612 3246 dilucidam,
635 3143 717 3246 quac
736 3161 898 3228 latissima
917 3163 950 3225 et
968 3158 1131 3224 uberrima
1150 3157 1315 3243 Graeciae,
1336 3158 1417 3223 belli
1436 3157 1574 3228 materia

267 3273 299 3336 et
324 3270 470 3356 equitatu
492 3268 665 3354 praecipue
685 3267 863 3352 abundans,
884 3265 1044 3353 neglectis
1069 3269 1203 3332 naturae
1221 3265 1393 3350 praesidiis
1413 3264 1572 3336 militibus

267 3375 475 3442 mercenariis
500 3373 624 3441 alendis
647 3395 725 3459 opes
750 3397 825 3441 0000
848 3373 1020 3440 exhauriat
1044 3375 1077 3437 et
1095 3394 1133 3438 ea
1152 3372 1191 3437 de
1210 3394 1307 3438 causa
1324 3372 1446 3441 nullius
1465 3375 1573 3440 aucto·

266 3482 374 3548 ritatis
404 3483 461 3567 sit,
484 3517 526 3530 -
550 3503 658 3548 rerum
681 3481 817 3567 denique
841 3479 1038 3546 Graecarum
1062 3479 1280 3548 conditionem
1305 3478 1573 3548 011000010οω0-

267 3590 395 3656 niorum
423 3589 560 3656 consilia
588 3612 607 3654 a
634 3589 782 3675 sophista
810 3588 917 3656 otioso
944 3591 1066 3654 temere
1095 3589 1128 3652 et
1154 3585 1291 3656 fortuito
1319 3585 1396 3652 ficta
1423 3606 1507 3668 esse,
1535 3604 1571 3650 eo

267 3699 373 3764 minus
404 3695 580 3762 verisimile
611 3700 674 3783 est,
706 3718 770 3783 quo
800 3695 907 3782 magis
938 3695 1064 3766 remota
1093 3695 1127 3760 et
1158 3714 1175 3758 e
1205 3692 1383 3778 longinquo
1417 3691 1573 3759 arcessita

268 3827 379 3891 eausa,
407 3804 446 3870 de
475 3827 539 3891 qua
566 3804 684 3889 agitur.
732 3803 847 3890 Neque
875 3802 962 3868 enim
989 3823 1132 3885 unquam
1155 3799 1324 3866 Thessalia
1347 3801 1424 3864 ante
1444 3797 1571 3866 Iasonis

268 3933 371 3998 neque
385 3910 578 3978 Macedonia
601 3915 676 3978 ante
690 3911 834 3996 Philippi
857 3914 1006 3994 tempora
1029 3908 1069 3972 ad
1086 3929 1139 3974 res
1155 3904 1353 3973 Graecorum
1376 3905 1571 3973 constituen-

268 4018 326 4084 das
349 4019 489 4086 multum
514 4020 671 4086 momenti
696 4018 817 4084 attulit.
859 4017 931 4095 Qua
953 4016 992 4080 de
1016 4035 1115 4080 causa
1137 4013 1202 4081 iam
1226 4011 1378 4097 aequales
1401 4011 1453 4076 his
1476 4011 1571 4076 rebus

268 4126 411 4191 animum
440 4129 473 4191 et
496 4127 604 4194 studia
630 4127 738 4192 minus
767 4123 980 4191 advertebant
1008 4124 1041 4187 01
1068 4120 1162 4188 00110
1190 4140 1294 4203 pauca
1322 4117 1361 4184 de
1388 4118 1428 4184 iis
1452 4118 1572 4184 tradita

267 4236 352 4300 0001.
400 4232 523 4300 Eadem
550 4255 626 4300 rero
655 4233 694 4299 de
722 4254 820 4300 causa
846 4251 950 4315 neque
977 4227 1102 4294 Herodi
1132 4248 1191 4292 sua
1220 4228 1335 4309 sponte
1368 4224 1402 4288 in
1430 4227 1571 4292 mentem

266 4340 374 4405 venire
404 4344 535 4424 poterat
564 4340 633 4407 sine
661 4339 800 4406 materia
831 4338 892 4403 has
923 4335 1132 4420 potissimum
1161 4357 1214 4402 res
1246 4333 1386 4400 tractare
1419 4336 1468 4418 et,
1499 4354 1570 4398 cum

267 4447 466 4530 tractaverit,
490 4445 687 4532 adducimur,
709 4433 746 4512 ut
769 4443 976 4530 antiquitatis
1002 4442 1196 4527 scriptorum
1216 4439 1325 4504 studio
1345 4438 1384 4504 de
1403 4438 1455 4507 his
1474 4438 1570 4506 rebus

229 4551 233 4560 ’
269 4553 400 4625 doctum
427 4554 597 4622 seientiam
624 4554 716 4620 illino
743 4553 881 4638 petitam
910 4550 945 4616 in
968 4549 1150 4614 orationem
1172 4545 1389 4630 insumpsisse
1411 4549 1570 4629 putemus.

267 4661 314 4730 Re
344 4684 420 4729 vera
446 4666 561 4728 nostra
587 4661 694 4729 oratio
722 4661 854 4726 unicum
877 4660 929 4726 est
951 4655 1149 4741 exemplum,
1172 4676 1235 4739 quo
1259 4673 1311 4721 res
1334 4655 1403 4721 tam
1426 4657 1571 4726 remotae

267 4773 300 4836 et
322 4770 471 4854 plurimis
495 4770 564 4836 sine
587 4769 685 4836 dubio
708 4769 841 4854 ignotae
863 4767 1057 4841 tractantur,
1080 4784 1152 4828 eum
1176 4762 1265 4826 clara
1286 4759 1422 4826 nomina
1446 4782 1484 4830 ex
1503 4759 1570 4844 pla·

267 4877 358 4944 01000
381 4899 488 4943 rerum
512 4881 546 4944 st
568 4881 754 4961 temporum
772 4873 929 4946 memoria
948 4871 1137 4956 saepissime
1156 4869 1361 4954 usurpentur.
1402 4865 1572 4932 110111110-
