3566 5474
788 264 1004 326 -γη,

243 445 320 489 suae
340 423 511 508 descripsit
529 427 563 488 et
580 422 733 488 Archelai
755 423 901 488 fraudem
922 428 954 488 et
977 421 1146 506 perfidiam
1165 421 1338 506 enarravit,
1357 421 1549 488 seditionem

242 529 338 595 huius
366 530 461 596 malis
490 531 615 596 artibus
640 529 836 597 concitatam
860 529 993 594 omnino
1017 528 1159 594 eiusdem
1186 528 1326 592 utilitati
1350 530 1468 594 servire
1497 530 1550 594 de-

243 638 418 720 monstrat,
441 657 505 721 qua
529 635 685 701 seditione
708 636 792 720 fieri,
819 639 857 700 ut
883 635 999 700 civitas
1028 657 1105 718 opes
1135 657 1210 700 suas
1241 635 1366 700 alendis
1390 635 1550 700 militibus

245 742 454 825 mercenariis
478 743 649 808 exhauriat
672 745 705 806 et
732 742 902 807 discordiis
925 741 1090 806 intestinis
1114 741 1218 806 fracta
1241 741 1392 825 omnique
1414 741 1551 806 auctori·

219 851 311 914 'tate
340 852 374 912 et
401 849 551 931 potentia
578 849 748 914 destituta
761 849 795 912 in
823 851 1046 932 contemptum
1073 847 1241 913 hominum
1270 847 1381 912 ueniat
1409 851 1441 912 et
1469 847 1550 912 deri-

192 1005 193 1008 .
243 953 365 1018 deatur.
412 953 500 1029 Quas
523 955 676 1020 Archelai
705 953 840 1018 iniurias
867 957 905 1018 ut
932 954 1107 1018 ulciscatur
1130 953 1244 1018 civitas
1267 957 1300 1018 et
1323 953 1359 1018 in
1381 957 1548 1038 posterum

244 1063 450 1126 externarum
482 1061 649 1124 civitatum
686 1061 868 1144 potentiam
901 1064 934 1125 et
965 1061 1069 1126 malas
1102 1065 1202 1145 artes,
1234 1059 1412 1126 discordiae
1445 1060 1550 1126 civilis

244 1165 337 1250 quasi
357 1165 475 1249 fontes,
494 1166 676 1251 prohibeat,
697 1167 778 1232 utile
797 1189 868 1232 esse
887 1167 1076 1232 societatem
1095 1189 1114 1231 a
1132 1167 1379 1250 Peloponnesiis
1404 1167 1550 1232 oblatam

243 1273 335 1338 inire.

333 1380 427 1456 Quod
449 1378 563 1445 deinde
585 1379 805 1446 necessarium
830 1401 900 1444 esse
919 1379 1160 1444 demonstratur
1178 1379 1332 1464 periculis
1352 1403 1371 1444 a
1389 1380 1548 1464 Pelopon-

244 1486 346 1550 nesiis
374 1487 636 1570 imminentibus,
667 1487 695 1552 si
723 1487 875 1552 reiciatur
902 1487 1053 1568 societas,
1081 1486 1257 1570 asperitate
1288 1486 1480 1552 iniuriarum
1509 1488 1559 1552 ab⁸

244 1593 406 1658 Archelao
430 1593 611 1677 illatarum,
638 1592 774 1657 infamia
799 1593 935 1679 denique
958 1593 1043 1676 apud
1067 1591 1209 1658 Graecos
1233 1593 1410 1676 subeunda,
1434 1594 1462 1658 si
1485 1616 1550 1658 una

245 1719 285 1763 ex
319 1699 469 1764 omnibus
508 1698 706 1780 Graecorum
743 1699 930 1764 civitatibus
967 1699 1001 1764 in
1034 1699 1190 1766 societate
1222 1698 1454 1764 Panhellenios
1485 1723 1552 1766 non

244 1808 439 1870 numeretur.
466 1843 503 1852 -
529 1803 627 1870 Brevi
658 1806 794 1890 denique
818 1810 852 1870 et
880 1807 1030 1872 sollerter
1054 1827 1136 1888 quae
1160 1805 1338 1870 adversarii
1361 1807 1487 1890 timent,
1510 1827 1551 1872 ne

245 1915 377 1996 accepta
401 1913 557 1978 societate
575 1911 903 1977 Lacedaemoniorum
926 1913 961 1978 iu
980 1911 1136 1976 ditionem
1161 1934 1272 1976 eorum
1290 1912 1459 1996 redigatur
1477 1913 1552 1978 civi-

244 2021 295 2084 tas
319 2019 370 2083 vel
394 2019 573 2104 eligarchia
597 2019 638 2083 ah
662 2019 702 2082 iis
725 2019 929 2104 instituatur,
951 2019 1130 2084 reiciantur
1153 2023 1186 2084 et
1209 2019 1248 2084 de
1272 2019 1423 2085 obsidum
1446 2020 1551 2084 salute

246 2128 350 2190 metus
384 2125 527 2208 captiose
560 2125 689 2210 quidem
724 2129 940 2190 removentur.
998 2125 1159 2212 Epilogus
1197 2129 1349 2210 acceptae
1385 2126 1552 2192 societatis

245 2221 444 2298 utilitatibus
464 2232 602 2298 reiectae
623 2231 741 2297 damna
764 2233 900 2316 opponit
917 2254 975 2316 per
994 2227 1297 2315 ἀνακεφαλαίωσιν,
1317 2253 1414 2315 quam
1431 2230 1550 2316 dicunt,

245 2339 334 2404 etin
358 2338 423 2402 fine
444 2338 553 2408 brevis
578 2339 780 2422 accipiendae
804 2339 969 2404 societatis
993 2339 1229 2404 commendatio
1254 2338 1393 2404 additur.

333 2443 479 2510 Pertinet
501 2445 604 2530 igitur
627 2444 732 2510 oratio
755 2448 869 2510 nostra
892 2444 933 2510 ad
956 2465 1059 2538 genus
1083 2444 1454 2528 deliberativumcuius
1479 2467 1552 2510 cunr

244 2555 329 2616 teste
357 2551 561 2628 Quintiliano
585 2551 634 2616 III
658 2553 691 2635 8,
714 2552 766 2634 22,
785 2555 852 2617 tres
872 2553 999 2617 soleant
1023 2574 1093 2616 esse
1110 2555 1237 2636 partes:
1261 2551 1445 2636 honestum,
1463 2552 1552 2637 utile,

245 2659 480 2741 necessarium,
507 2682 588 2743 quas
620 2663 731 2724 tamen
754 2681 865 2724 omnes
889 2659 924 2724 in
947 2681 1076 2725 omnem
1099 2658 1213 2724 cadere
1237 2658 1418 2723 orationem
1443 2681 1552 2724 suaso·

245 2765 326 2830 riam
354 2787 420 2830 non
448 2787 529 2849 opus
560 2766 616 2849 sit,
652 2764 797 2830 Herodes
826 2765 905 2830 duas
928 2766 1020 2850 ponit
1041 2767 1152 2850 partes
1175 2765 1349 2832 honestum
1371 2767 1552 2832 necessario

246 2871 528 2955 comprehendens.
581 2871 653 2948 Qua
682 2871 716 2936 iu
744 2873 922 2956 partitione
952 2871 1147 2955 sententiae,
1180 2871 1209 2936 si
1236 2871 1343 2936 minus
1376 2893 1492 2958 graves
1521 2877 1554 2938 et

246 2978 412 3062 copiosae,
448 2981 523 3061 apte
560 2981 672 3042 tamen
709 2981 741 3042 et
778 2978 945 3044 commode
981 2981 1014 3042 et
1050 2977 1143 3061 quasi
1181 2978 1357 3044 dramatico
1389 2978 1551 3044 interdum

208 3153 225 3170 ι
246 3084 423 3168 dispositae
447 3084 658 3168 explicantur.

336 3189 471 3274 Saepius
498 3191 533 3256 iu
561 3189 744 3275 sententiis,
773 3213 853 3276 quae
881 3193 1011 3276 proprie
1034 3195 1203 3275 vocantu,
1232 3191 1472 3276 argumentatio
1501 3215 1552 3256 ex-

197 3281 230 3349 s
248 3297 393 3380 struitur,
407 3297 509 3362 velut:
530 3288 580 3373 οἷς
594 3291 684 3382 γᾶρὸ
699 3299 860 3374 κίνδυνος
869 3295 1072 3377 οἰκειότατος
1081 3287 1219 3384 γίνεται,
1228 3293 1360 3374 τούτοις
1369 3292 1554 3381 ἀναγκαῖόν

247 3402 316 3468 ἐστι
346 3399 489 3488 μάλιστα
518 3401 639 3487 μέλειν.
666 3441 703 3450 -
727 3399 765 3469 τὸ
798 3401 899 3487 φύσει
928 3403 1089 3490 πολέμιον
1118 3406 1163 3493 τῷ
1194 3400 1239 3490 μὴ
1269 3401 1440 3470 δύνασθαι
1469 3400 1554 3470 κακὰ

247 3510 333 3590 δρᾶν
361 3503 505 3592 ἡσυχίαν
531 3505 613 3593 ἄγει.
640 3546 678 3556 -
702 3521 775 3587 ταῖς
802 3507 863 3594 μὲν
887 3505 1059 3596 Ἑλλήνων
1085 3508 1223 3577 πόλεσιν
1252 3506 1370 3576 ίιιανόν
1400 3508 1468 3575 ἐστι
1490 3507 1554 3594 τὴν

247 3609 357 3680 αὐτῶν
394 3612 542 3700 δύναμιν
579 3617 742 3682 διασῶσαι
781 3624 851 3694 τοῖς
887 3617 1168 3703 ἐπιγιγνομένοις,
1204 3627 1274 3692 τοῖς
1306 3613 1344 3682 dl
1374 3616 1554 3703 τυράννοις

245 3715 335 3787 τοῦτ’
371 3717 434 3788 οὐκ
465 3716 592 3806 ἀπόχρη
624 3720 747 3808 μόνον,
784 3718 868 3789 ἀλλὰ
898 3724 1278 3811 προσκαταστρέψασθαι
1310 3721 1444 3790 δέονται
1475 3723 1553 3801 τοὺς

246 3825 517 3905 πλουσιωτάτους
541 3823 601 3896 ιἰεί.
632 3867 669 3876 -
701 3824 910 3914 ὁμολογεῖται
940 3827 1003 3918 γὰρ
1031 3829 1175 3916 πόλεμος
1205 3832 1274 3896 τῶν
1300 3827 1413 3896 ἄλλων
1441 3833 1553 3896 ιιααοῖν

245 3931 395 4023 τοσούτῳ
426 3933 584 4020 μέγιστον
615 3917 716 4018 εἶναι,
755 3931 883 4025 ὅσησπερ
916 3933 1032 4023 εἰρήνη
1064 3940 1133 4003 τῶν
1165 3931 1321 4022 ἄγαθῶν.’
1348 3971 1390 3984 -
1424 3937 1458 4002 οἱ
1488 3933 1553 4022 γὰρ

246 4043 388 4126 πλησίον
412 4041 580 4118 οἰκοῦντες
608 4035 669 4107 οὐκ
696 4037 859 4127 ἄχθονται
886 4039 1132 4122 στασιαζόντων
1153 4045 1221 4110 τῶν
1243 4047 1395 4128 πλησίον.
1421 4079 1460 4092 -·
1484 4045 1554 4120 πῶς

247 4137 309 4214 οὖν
334 4153 410 4214 ἴσον
434 4146 501 4214 ἐστὶ
524 4159 594 4224 τοῖς
616 4145 678 4232 μὲν
696 4143 762 4233 ἤδη
786 4148 1020 4234 γεγενημένοις
1041 4147 1086 4234 μὴ
1109 4150 1320 4234 θυμοῦσθαι,
1345 4146 1385 4216 τὰ
1411 4145 1442 4214 d'
1468 4153 1553 4216 είιια-

248 4250 368 4340 ζόμενα
399 4257 582 4338 φοβεῖσθαι
614 4255 758 4338 μᾶλλον;
808 4255 964 4340 Propriae
992 4277 1118 4340 quoque
1146 4259 1328 4322 sententiae
1354 4261 1387 4321 et
1415 4257 1554 4324 feliciter

247 4362 398 4428 inventae
425 4383 493 4426 non
519 4360 649 4446 desunt,
675 4363 775 4428 velut:
809 4357 872 4446 ἐγὼ
903 4357 966 4446 γὰρ
998 4360 1187 4448 ἐβουλόμην
1218 4361 1280 4448 μὲν
1310 4358 1397 4448 ὑμᾶς
1428 4359 1553 4442 αὐτοὺς

246 4470 314 4534 τῶν
343 4463 513 4554 ὑμετέρων
544 4463 685 4550 ἀγαθῶν
717 4470 844 4546 αἰτίους
876 4463 962 4534 εἶναι
990 4466 1071 4554 μετὰ
1098 4471 1167 4535 τῶν
1192 4471 1298 4535 θεῶν·
1331 4471 1362 4534 εί
1389 4467 1426 4536 db
1452 4473 1552 4536 τοῦτο

248 4577 432 4662 διατρίβετε
454 4572 509 4640 καλ
533 4568 578 4639 δι’
604 4569 726 4652 ἄλλους
749 4565 967 4659 εὖπράττειν
990 4571 1071 4660 ἡδύ,
1095 4577 1190 4642 δοκεῖ
1210 4573 1252 4660 δή
1276 4601 1334 4660 μοι
1350 4579 1445 4642 θεῶν
1460 4601 1554 4655 τινος

247 4682 415 4768 ἐπιμελείᾳ
437 4683 594 4764 γίνεσθαι
618 4678 655 4748 τὸ
680 4678 869 4767 γινόμενον.
905 4682 946 4747 In
969 4683 1086 4768 quibus
1110 4683 1339 4769 gravissimum
1361 4684 1442 4749 illud
1460 4685 1555 4750 (louet

249 4783 290 4873 δή
318 4811 376 4872 μοι
403 4809 469 4854 non
497 4793 548 4854 est
574 4789 907 4874 praetermittendum.
957 4787 992 4855 si
1020 4791 1106 4856 enim
1129 4789 1297 4855 Aristides·
1322 4787 1444 4856 Critiae
1471 4791 1552 4856 illud

199 2606 223 2660 ί
