3572 5472
813 289 942 392 -ἠρ
989 363 1027 375 .-

270 488 323 572 δί,
353 509 435 572 quae
458 487 507 552 illi
530 487 664 568 πρᾶτον
687 485 749 570 μέν
772 487 978 572 respondeat,
1001 507 1068 552 non
1090 486 1244 570 sequitur.
1290 486 1391 552 Plane
1415 487 1579 552 solutast

268 595 402 660 disiecta
434 595 514 659 haec
546 598 596 658 est
627 594 823 659 enunciatio:
861 587 902 658 οὑ
933 593 1050 670 παίδες
1079 591 1135 657 καὶ
1167 601 1323 676 ννναίκες
1354 591 1409 658 καί
1441 592 1578 677 πατέρες

267 701 423 787 γέροντες
453 698 509 766 καὶ
542 697 678 785 μητέρες
708 697 834 785 θεωροὶ
866 699 1071 784 κατέστησαν
1104 696 1408 783 ἀποθνησκόντων,
1447 701 1483 764 οί
1515 696 1577 784 μὲν

266 805 435 892 πατέρων,
464 807 503 871 αί
527 801 558 871 δ’
584 805 736 889 ἀνδρῶν,
765 807 800 872 οί
821 803 858 871 δὲ
880 807 1027 892 παίδων,
1055 807 1091 871 οί
1111 803 1172 890 μὲν
1195 805 1232 871 έν
1254 817 1326 883 ταῖς
1349 801 1462 872 αὑτων
1484 806 1608 894 χερσὶ,

265 911 498 980 τελευτώντων
515 910 576 980 τόν
595 917 683 996 βίον,
703 915 739 979 ot
755 908 786 977 d’
808 913 846 980 ἐν
863 925 934 990 τοῖς
952 916 1122 997 πολεμίοις
1136 912 1446 999 διαφθειρομένωνς
1470 915 1576 991 οἰκίας

267 1017 305 1084 δὲ
331 1019 643 1105 κατασκαπτομένας
669 1017 725 1086 καί
750 1015 900 1106 χρήματα
924 1015 1185 1104 διαρπαζόμενος
1213 1041 1241 1086 κ.
1263 1043 1290 1084 τ.
1313 1024 1341 1086 λ.
1387 1018 1434 1084 Ut
1457 1039 1572 1104 graves

267 1132 300 1191 et
322 1129 470 1213 impediti
494 1128 630 1214 genitivi
652 1125 787 1211 pluralis
810 1128 937 1192 numeri
959 1127 1117 1208 uitentur,
1141 1127 1181 1192 ad
1209 1128 1428 1192 accusativum
1454 1127 1575 1194 transit

267 1239 378 1302 orator
404 1235 599 1320 pendentem
626 1255 664 1298 ex
688 1233 817 1299 videndi
839 1233 988 1318 notione,
1019 1255 1101 1318 quae
1132 1234 1190 1300 illo
1216 1231 1343 1318 θεωροὶ
1369 1233 1574 1319 κατέστησαν

266 1343 458 1408 continetur.
491 1377 528 1389 -
559 1340 689 1405 Minora
725 1340 823 1404 etiam
856 1340 1027 1405 enunciata
1059 1340 1128 1404 sine
1160 1341 1362 1405 dubitatione
1395 1344 1575 1406 structurae

267 1450 555 1514 commutationem
579 1447 766 1531 admittunt,
793 1447 897 1512 solut:
928 1445 985 1512 καί
1011 1442 1091 1524 τοὺς
1116 1443 1178 1532 μὲν
1200 1441 1397 1532 ἀλλοτρίους
1418 1448 1574 1524 νικῶντες

266 1552 398 1642 ἑτέρους
424 1556 567 1622 κτῶνται
595 1556 730 1638 φίλους,
758 1548 841 1618 ὅταν
869 1549 906 1618 δὲ
933 1549 1012 1630 τοὺς
1040 1555 1199 1636 οἰκείους,
1229 1547 1491 1638 ἀποστεροῦνται
1518 1553 1573 1619 καὶ

264 1664 332 1727 τᾶν
360 1657 596 1748 ὑπαρχόντων,
628 1661 686 1726 ubi
717 1682 782 1726 non
813 1661 918 1725 solum
948 1665 1112 1726 structure
1137 1659 1301 1744 participii
1328 1660 1364 1724 in
1391 1655 1474 1725 όταν
1501 1683 1573 1726 eum

265 1769 470 1834 coniunctivo
503 1772 661 1851 mutetur,
700 1767 756 1832 sed
793 1767 893 1831 etiam
928 1767 1098 1831 brevitatis
1132 1787 1231 1832 causa
1262 1766 1316 1831 hio
1348 1768 1571 1834 coniunctivae

265 1875 430 1940 omittitur
453 1877 486 1940 et
509 1897 547 1940 ex
570 1875 743 1960 participio
766 1874 965 1958 supplendus
988 1878 1048 1940 est.

352 1981 476 2046 Eadem
499 1985 550 2046 est
572 1981 706 2045 libertas
730 1983 763 2046 et
786 1981 983 2046 varietasin
1006 1980 1184 2046 formarum
1208 1981 1241 2044 et
1264 1979 1393 2044 articuli
1421 2003 1496 2064 usu,
1524 1983 1571 2046 ite

263 2089 421 2164 πλείονας
448 2092 481 2152 et
508 2089 585 2154 πλεί
583 2111 656 2170 ονς,
683 2083 825 2178 πόλεμος
853 2091 886 2152 et
910 2111 927 2152 ο
952 2083 1155 2172 πολεμος,
1139 2082 1255 2172 είρηνη
1284 2091 1318 2152 et
1343 2083 1405 2171 τὴν
1432 2085 1570 2234 είρηνην

262 2215 364 2278 prope
387 2198 420 2259 et
441 2195 625 2280 promiscue
650 2197 786 2259 exstant
898 2221 903 2230 ·

350 2300 464 2366 Brevit
449 2302 528 2366 tatis
562 2301 683 2384 species
716 2301 829 2366 multis
861 2301 1048 2385 contrariis,
1082 2301 1407 2384 interrogationibus,
1438 2322 1569 2385 respon·

263 2407 422 2493 sionibus,
455 2407 711 2472 adversariorum
740 2406 1052 2472 contradictionibus
1080 2428 1138 2490 per
1164 2406 1392 2491 hypophoram
1420 2407 1570 2493 inductis,

262 2514 429 2598 asyndetis
453 2514 573 2578 crebris
597 2516 742 2598 augetur,
765 2533 901 2597 quorum
924 2514 1073 2597 exempla
1095 2514 1157 2579 hoe
1180 2515 1253 2578 loco
1273 2513 1385 2581 afferre
1404 2535 1469 2578 nou
1487 2537 1569 2598 opus

262 2625 320 2704 est,
343 2643 416 2686 cum
440 2620 479 2685 de
501 2621 552 2705 iis,
574 2621 631 2685 ubi
653 2621 693 2686 de
711 2620 825 2704 figuris
849 2621 996 2704 quaestio
1017 2621 1088 2706 erit,
1110 2621 1257 2705 pluribus
1278 2620 1499 2686 disserendum
1518 2621 1569 2686 sit·
1630 2703 1634 2710 μ

261 2726 380 2792 Dedita
402 2748 479 2792 vero
504 2748 602 2811 opera
625 2730 789 2792 oratorem
812 2731 961 2792 nostrum
985 2727 1139 2793 brevitati
1163 2727 1292 2793 studere
1315 2749 1470 2812 apparere
1488 2727 1569 2792 mibi

259 2833 400 2917 videtur,
428 2834 456 2898 si
484 2833 564 2898 haec
593 2833 764 2898 enunciata
787 2834 1040 2899 consideramus:
1067 2831 1309 2917 γινώσκοντες,
1332 2829 1443 2899 ὅτιτὸ
1468 2829 1568 2918 φάσει

259 2937 420 3023 πολέμιον
451 2941 496 3027 τῷ
529 2936 575 3025 μὴ
605 2935 776 3004 δύνασθαι
806 2935 891 3004 κακά
921 2940 1007 3023 δρᾶν
1038 2934 1182 3024 ἡσυχίαν
1212 2935 1301 3023 ᾶμει,
1326 2975 1367 2986 -
1391 2943 1438 3004 et:
1471 2936 1567 3024 ίαανίη

258 3043 426 3129 πρόφασίς
453 3043 522 3110 ἐστι
550 3045 729 3129 πολεμίους
755 3047 905 3129 νομίζειν
930 3041 1009 3124 τοὺς
1033 3043 1077 3131 μὴ
1104 3043 1424 3132 συμπολεμήσοντας
1446 3040 1568 3123 αὐτοῖς.

348 3150 388 3215 In
415 3152 508 3217 hiatu
535 3152 667 3220 vitando
696 3155 730 3217 et
758 3152 957 3218 admittendo
982 3173 1097 3220 norma
1119 3159 1154 3220 et
1175 3155 1260 3218 ratio
1283 3159 1436 3219 constans
1459 3153 1567 3220 valere

258 3279 326 3323 non
352 3259 489 3324 ridetur.
540 3256 690 3343 Codices,
719 3279 856 3343 quorum
883 3260 945 3325 hac
974 3261 1104 3345 quidem
1132 3263 1166 3326 in
1194 3283 1228 3325 re
1255 3259 1342 3326 haud
1370 3281 1491 3345 magna
1518 3263 1568 3324 est

259 3365 449 3449 auctoritas,
480 3366 618 3430 totidem
650 3364 717 3429 fere
748 3363 875 3430 hiatum
907 3366 1100 3453 admittunt,
1131 3368 1261 3452 quoties
1289 3367 1339 3431 usi
1368 3367 1503 3431 elisione
1534 3371 1567 3431 ct

258 3473 342 3536 crasi
364 3473 479 3538 vitant.
524 3471 615 3537 Inter
637 3471 747 3536 hiatus
771 3471 931 3538 admissos
954 3493 1021 3538 non
1043 3475 1138 3558 pauci
1162 3477 1238 3539 sunt
1261 3474 1441 3558 graviores,
1464 3475 1566 3538 velut:

256 3576 339 3663 τύχη
363 3574 456 3663 ἀνευ,
481 3615 519 3626 -
544 3575 608 3663 πρὸ
633 3573 739 3664 ὑμῶν,
765 3615 803 3626 -
824 3585 911 3644 είποι
934 3573 1020 3663 ἀλλ’,
1044 3617 1089 3628 -
1111 3577 1270 3664 προσήκει
1293 3574 1500 3664 ὀλιγαρχίας,
1526 3616 1562 3628 —-

256 3681 454 3769 πειθόμενοι
478 3675 552 3770 οὑν,
577 3695 618 3732 -“-
641 3686 740 3751 τοῦτο
763 3681 893 3770 ἥξουσι,
916 3721 960 3732 -
982 3681 1130 3771 ἀρχοντα
1155 3681 1293 3769 οὐδένα,
1318 3723 1356 3732 -
1381 3682 1564 3773 κνριοίτερα

256 3786 422 3874 ἡγεῖσθαι.
467 3791 576 3858 Minor
603 3797 653 3858 est
681 3793 814 3858 offensio
846 3793 881 3856 in
903 3793 969 3878 his,
996 3793 1113 3876 quibus
1137 3794 1266 3878 virgula
1288 3793 1480 3877 interposita
1503 3797 1565 3858 est:

257 3892 463 3981 ἀμύνασθαι,
482 3900 513 3962 εί
530 3935 572 3944 —-
593 3895 689 3981 εἶναι,
709 3895 840 3988 όσωπερ
859 3935 901 3946 --
921 3894 1170 3985 ἀσθενέστεροι,
1190 3895 1279 3976 ὅπως
1297 3936 1338 3946 -
1353 3893 1563 3984 ὑπερβάλλει,

255 4001 385 4094 ὅσῳπερ
403 4043 447 4054 -
465 4005 638 4091 γένωνται,
658 4008 693 4072 οί
711 4043 747 4054 -
770 4009 912 4091 ίσχνροί,
931 4002 1020 4084 ὅπως
1041 4043 1079 4054 —-
1101 4001 1275 4085 ἀπολέσαι;
1296 4001 1351 4072 ὅτε
1372 4043 1410 4054 -
1427 4007 1559 4088 δοῦναι,

255 4107 344 4189 ὅπως
358 4150 400 4160 -
414 4113 508 4198 λέξει,
526 4107 593 4190 ὡς’
616 4099 815 4178 Ελὶειοιιεοί
833 4115 917 4178 erasi
935 4114 1150 4200 quinquagies
1169 4113 1298 4178 circiter
1314 4113 1423 4178 hiatus
1441 4112 1565 4177 vitatur

255 4223 289 4282 et
311 4219 410 4283 toties
435 4219 500 4284 fere
524 4221 716 4286 admittitur.

293 4352 302 4362 ’
342 4327 537 4412 Figuratum
557 4309 756 4393 ornamentis
776 4329 907 4412 copiose
927 4333 960 4393 et
978 4329 1182 4394 abundanter
1199 4329 1303 4393 utitur
1321 4330 1440 4390 noster.
1479 4323 1562 4390 Ocn-

253 4434 355 4498 traria
382 4437 489 4499 totum
519 4454 599 4517 opus
622 4434 773 4518 implent,
801 4456 938 4518 quorum
968 4435 1047 4500 haec
1077 4438 1153 4499 sunt
1180 4433 1338 4517 exempla:
1375 4429 1473 4496 Διότι
1500 4427 1562 4515 μὲν

253 4535 381 4624 ἀνάγκη
402 4540 511 4624 λέγειν
524 4538 579 4605 καὶ
593 4540 781 4624 τηλικοῖσδε
794 4537 849 4604 καὶ
864 4537 908 4624 μὴ
928 4537 1014 4605 πολὺ
1033 4539 1206 4626 νεωτέροις
1224 4537 1300 4625 περί
1318 4539 1379 4603 τοὺ
1397 4533 1563 4621 παρόντος

253 4643 457 4732 πράγματος,
490 4649 553 4732 ἔχω
581 4645 683 4724 λέξαι·
734 4643 820 4712 διότι
849 4643 887 4711 δὲ
914 4643 1002 4723 είκός
1029 4645 1097 4712 ἐστι
1128 4648 1260 4712 σιωπᾶν
1291 4647 1409 4730 ἔχοντα
1441 4643 1562 4726 λέγειν,

253 4747 330 4818 οὔτε
353 4748 430 4834 παρ’
457 4747 561 4818 ᾶλλον
584 4749 732 4838 δύναμαι
755 4759 891 4838 μαθεῖν,
917 4748 995 4817 οὔτε
1018 4748 1118 4829 αὑτὸς
1140 4752 1326 4837 ἐξευρίσκω.
1352 4789 1389 4798 -
1413 4751 1476 4816 τοῦ
1498 4746 1560 4834 μὲν

252 4849 315 4925 οὑν
343 4858 451 4943 λέγειν
479 4855 603 4937 πολλᾶς
628 4855 777 4944 ἀνάγκας
803 4854 963 4944 εὑρίσκω,
995 4862 1056 4924 τοῦ
1085 4857 1122 4924 δὲ
1145 4859 1276 4924 σιωπᾶν
1303 4853 1464 4942 οὑδεμίαν
1494 4853 1562 4941 ὁρᾶ
1598 4927 1605 4934 .
