3572 5472
747 379 963 447 -35..

145 535 148 538 ¹
204 542 365 608 niensium
394 542 557 628 expeditio
585 543 620 606 in
647 539 807 627 Siciliam,
840 543 961 608 bellum
983 541 1169 627 Persarum,
1194 563 1305 627 pugna
1332 539 1508 626 Leuctrica,

206 671 391 735 supremum
413 649 536 714 bellum
559 669 617 733 pro
640 649 793 714 libertate
815 649 935 714 tuenda
958 669 1030 714 cum
1049 647 1202 732 Philippo
1227 653 1363 736 gestum,
1387 649 1452 714 alia
1474 647 1508 712 id

205 777 307 842 genus
329 757 492 841 permulta
516 754 672 840 sophistis
696 757 887 840 argumenta
911 755 1213 840 suppeditaverunt,
1236 756 1375 822 maxime
1399 759 1508 822 autem

205 865 239 928 in
261 863 406 948 Philippi
434 867 467 928 et
494 861 724 928 Demosthenis
751 861 848 926 rebus
876 865 909 926 et
935 861 1132 946 imaginibus
1156 862 1375 928 describendis
1400 865 1432 927 et
1455 862 1508 927 de·

203 970 376 1056 pravandis
400 969 567 1054 ingenium
591 969 812 1054 sophistarum
834 969 898 1035 sibi
920 970 1050 1054 placuit.

293 1076 382 1154 Quae
406 1099 478 1142 cum
501 1078 550 1143 ita
574 1077 648 1161 sint,
672 1075 873 1161 adducimur,
895 1080 932 1142 ut
955 1077 1135 1142 orationem
1157 1079 1305 1142 nostram
1328 1099 1394 1142 non
1416 1075 1508 1142 scho-

203 1184 254 1249 lae
281 1185 513 1270 inventionem,
542 1183 598 1250 sed
620 1205 729 1249 rerum
752 1187 919 1268 gestarum
941 1184 1163 1250 testimonium
1190 1205 1258 1250 esse
1284 1187 1447 1268 putemus,
1476 1185 1509 1246 et

206 1292 398 1357 contendere
425 1291 603 1376 poterimus
631 1291 728 1356 rebus
757 1290 798 1354 ab
826 1289 957 1356 Herode
983 1291 1094 1356 relatis
1123 1291 1257 1356 eandem
1284 1290 1381 1355 fidem
1408 1288 1508 1355 vindi-

205 1397 340 1462 candam
363 1419 443 1483 csse,
467 1420 565 1484 quam
588 1417 699 1462 omnes
722 1396 879 1462 historiae
900 1419 953 1463 res
977 1401 1155 1482 praestant,
1179 1419 1262 1483 quae
1286 1397 1328 1463 ab
1350 1417 1416 1463 uno
1439 1400 1508 1462 tan-

204 1507 274 1568 tum
298 1506 430 1569 auctore
452 1504 639 1589 traduntur,
668 1504 696 1569 si
719 1525 823 1588 neque
846 1526 953 1570 rerum
977 1509 1143 1591 gestarum
1166 1502 1272 1571 ordini
1295 1507 1329 1569 et
1351 1503 1509 1569 connexui

204 1610 341 1675 aliorum
378 1611 574 1696 scriptorum
606 1611 802 1676 testimoniis
835 1613 914 1676 satis
946 1612 1020 1678 fidis
1050 1612 1230 1678 constituto
1262 1615 1445 1698 repugnant
1477 1613 1510 1675 et

202 1717 289 1781 inter
308 1737 342 1782 se
366 1717 497 1802 singula
520 1717 736 1784 consentiunt.
773 1717 867 1794 Quod
890 1721 1061 1804 utrumque
1080 1723 1117 1784 ut
1135 1720 1375 1785 demonstretur
1396 1721 1509 1800 restat,

203 1845 268 1908 qua
290 1823 326 1888 in
348 1845 385 1888 re
407 1823 582 1889 tenendum
611 1827 673 1909 est,
702 1823 865 1890 Herodem
894 1829 1071 1912 oratorem,
1099 1849 1164 1893 non
1186 1849 1295 1893 rerum
1318 1826 1508 1911 scriptorem

205 1951 275 1996 esse
299 1934 331 1995 ct
353 1930 438 1994 nihil
463 1931 551 1996 aliud
575 1931 643 2016 agi,
671 1931 734 1996 nisi
757 1935 795 1997 ut
818 1955 889 1997 eam
911 1933 1007 1998 fidem
1031 1939 1064 2000 et
1086 1933 1292 2020 diligentiam
1315 1935 1346 2000 ei
1368 1933 1508 2000 vindice·

205 2059 287 2123 mus,
310 2059 375 2123 qua
394 2059 506 2104 omnes
531 2041 677 2104 oratores
700 2038 735 2102 in
757 2039 854 2104 rebus
878 2041 981 2124 gestis
1006 2041 1194 2106 enarrandis
1217 2041 1268 2108 usi
1292 2045 1374 2107 suut

293 2143 436 2220 Quarum
461 2165 570 2209 rerum
594 2145 636 2210 ab
653 2144 782 2212 Herode
806 2147 984 2214 relatarum
1008 2148 1070 2213 duo
1094 2153 1171 2214 sunt
1195 2169 1322 2234 genera.
1362 2149 1508 2216 Primum

202 2253 311 2317 locum
334 2251 482 2337 exempla
513 2252 663 2318 obtinent
685 2255 843 2338 temporis
865 2255 999 2321 notione
1022 2255 1180 2341 praedita,
1203 2278 1285 2342 quae
1309 2277 1347 2322 ex
1369 2255 1510 2323 historia

202 2357 347 2424 Herodes
368 2359 409 2424 ad
428 2381 520 2424 suam
539 2379 670 2424 cansam
684 2359 913 2426 illustrandam
929 2365 962 2427 et
976 2361 1250 2450 comprobandam
1264 2361 1390 2446 petivit.
1418 2361 1509 2440 Quae

184 2487 276 2530 cum
304 2467 346 2531 ad
372 2471 504 2532 nostrae
532 2489 649 2532 causae
676 2471 806 2552 tempus
828 2490 894 2533 non
918 2473 1078 2554 spectent,
1102 2469 1174 2535 aliis
1198 2470 1355 2535 orationis
1377 2474 1509 2536 nostrae

202 2571 473 2658 descriptionibus
492 2595 673 2659 repugnare
695 2596 762 2639 non
786 2579 932 2661 possunt,
955 2576 1066 2661 itaque
1090 2595 1129 2642 ea
1152 2597 1224 2642 cum
1248 2577 1386 2645 aliorum
1409 2579 1508 2663 serip-

202 2683 315 2744 torum
337 2681 533 2747 testimoniis
557 2682 739 2747 consentire
763 2681 984 2748 demonstrare
1008 2685 1088 2750 satis
1112 2687 1171 2750 est.

291 2783 344 2850 Ita
366 2785 544 2853 Larissaeis
572 2788 608 2853 in
636 2789 827 2854 memoriam
854 2790 978 2856 reducit
1003 2789 1162 2876 Herodes,
1191 2791 1302 2877 quales
1325 2791 1410 2858 bello
1433 2789 1508 2858 Per-

203 2891 269 2957 sico
297 2913 331 2958 se
354 2894 571 2980 praebuerint,
599 2899 632 2962 et
660 2896 829 2961 contendit
852 2895 1027 2963 Thessalos
1051 2897 1138 2963 bello
1162 2897 1293 2965 Persico
1317 2920 1384 2966 non
1410 2901 1509 2964 inter-

202 2999 305 3064 fuisse
331 2999 470 3085 quidem,
492 3001 638 3085 ipsorum
662 3005 750 3068 enim
772 3003 906 3088 regione
929 3003 1044 3070 relicta
1066 3027 1125 3090 pro
1148 3004 1274 3090 reliqua
1298 3005 1435 3073 Graecia
1458 3005 1509 3070 de-

203 3111 327 3173 certare
350 3107 498 3192 iniquum
521 3107 635 3190 fuisse,
664 3110 804 3175 uoluisse
827 3114 939 3176 tamen
961 3133 1122 3177 unacum
1145 3111 1276 3178 Graecis
1298 3135 1359 3198 pro
1382 3113 1508 3197 patriae

203 3214 308 3280 salute
330 3214 519 3300 periclitari,
544 3216 572 3280 si
595 3216 740 3300 ipsorum
763 3217 854 3304 regio
877 3237 897 3280 a
919 3216 1094 3284 Persarum
1116 3219 1242 3304 impetu
1263 3222 1350 3286 esset
1367 3220 1509 3305 defensa,

203 3320 232 3385 si
269 3321 393 3387 scilicet
429 3319 544 3387 Graeci
580 3321 620 3388 ad
653 3322 775 3408 Tempe
807 3323 924 3389 Persas
959 3329 1213 3409 exspectassent.
1272 3327 1361 3404 Quas
1402 3347 1508 3392 rerum

202 3431 368 3512 gestarum
404 3428 580 3494 memoriae
615 3448 680 3493 nou
712 3449 893 3516 repugnare
920 3429 1081 3497 Herodoti
1108 3434 1332 3501 testimonium
1362 3453 1508 3519 compro·

202 3535 268 3600 bat.
319 3533 352 3600 Is
385 3536 471 3602 enim
498 3536 599 3602 tradit
631 3533 725 3622 (Vn,
748 3537 777 3602 6.
803 3537 875 3602 132.
906 3537 1103 3627 172-174)
1136 3541 1300 3607 Aleuadas
1327 3541 1444 3608 Persas
1474 3543 1509 3606 in

200 3639 373 3707 ,Graeciam
400 3664 532 3709 vocasse
561 3643 630 3708 sine
658 3643 770 3723 dubio,
799 3645 876 3728 quia
899 3665 1010 3711 eorum
1034 3647 1156 3714 auxilio
1179 3649 1320 3733 amplius
1344 3651 1377 3714 et
1401 3649 1508 3734 magis

203 3749 387 3832 expeditum
406 3749 579 3834 imperium
598 3771 668 3815 sese
686 3753 840 3817 nacturos
859 3773 930 3817 esse
949 3753 1133 3838 sperabant,
1157 3759 1190 3820 et
1208 3755 1294 3821 inter
1312 3775 1366 3821 eas
1385 3759 1509 3842 gentes,

202 3877 285 3940 quac
308 3855 410 3921 Xerxi
432 3857 466 3920 in
487 3855 594 3921 Pieria
617 3858 832 3924 commoranti
854 3859 1029 3925 deditionis
1053 3861 1149 3947 signa
1171 3863 1345 3948 miseruut,
1372 3861 1508 3928 Thessa-

203 3963 254 4026 los
282 3985 409 4048 quoque
436 3963 592 4028 nominat.
643 3963 706 4040 Qui
732 3967 843 4030 tamen
870 3965 956 4030 inter
982 3965 1156 4034 Thessalos
1186 3968 1384 4035 Graecorum
1411 3970 1507 4034 rebus

202 4070 371 4156 favebant,
399 4069 461 4134 hoc
490 4069 571 4154 ipsis
605 4069 714 4136 invitis
742 4072 784 4137 ab
808 4071 963 4138 Aleuadis
986 4072 1107 4140 factum
1132 4097 1202 4141 esse
1225 4075 1402 4142 ostendere.
1456 4075 1508 4144 Ad

204 4175 344 4242 Graecos
359 4177 446 4240 enim
460 4175 495 4241 in
504 4175 628 4242 Isthmo
639 4176 843 4244 considentes
857 4180 1015 4246 miseruut
1028 4182 1156 4268 legatos
1172 4186 1204 4247 et
1219 4182 1348 4248 auxiliis
1362 4183 1508 4248 firmatos

204 4283 284 4348 satis
304 4283 432 4369 maguis
452 4283 492 4348 ad
511 4283 631 4367 Tempe
651 4306 685 4349 se
703 4283 819 4350 Persas
839 4286 929 4352 aditu
945 4287 1169 4372 prohibituros
1188 4311 1259 4355 esse
1281 4289 1508 4374 promiserunt.

204 4387 261 4455 Sin
289 4394 398 4455 autem
429 4391 551 4456 auxilia
572 4389 687 4456 Graeci
709 4413 776 4458 non
798 4394 975 4480 mitterent,
997 4393 1170 4462 Persarum
1191 4400 1303 4482 partes
1327 4419 1396 4462 sese
1421 4417 1508 4463 secu-

202 4501 295 4564 turos
323 4520 407 4583 esse,
434 4501 472 4563 ut
501 4498 587 4564 enim
615 4499 679 4564 soli
707 4501 820 4583 procul
849 4501 1045 4568 excubantes
1069 4504 1208 4570 salutem
1231 4526 1323 4569 suam
1346 4505 1508 4569 communi

203 4605 330 4688 patriae
347 4605 576 4690 condonarent,
597 4607 759 4689 postulari
777 4629 845 4672 non
867 4629 974 4692 posse.
1010 4609 1057 4676 Re
1075 4631 1152 4675 vera
1169 4609 1399 4675 Thessalorum
1423 4611 1508 4695 equi-

202 4717 292 4778 tatus
316 4711 513 4778 Graecorum
537 4713 665 4779 auxiliis
689 4736 724 4779 se
747 4714 907 4800 adiunxit,
935 4737 1018 4800 quae
1042 4739 1114 4782 cum
1138 4717 1291 4782 suadente
1315 4715 1509 4802 Alexandm,

203 4817 416 4885 Macedonum
439 4839 526 4904 rege,
547 4821 767 4906 recessissent,
789 4824 860 4885 tum
879 4822 1008 4889 demum
1026 4823 1176 4890 Thessali
1194 4825 1380 4908 promptum
1398 4820 1507 4890 Persis

203 4927 396 5012 obsequium
418 4925 618 5010 praestitere.

1257 5035 1294 5092 38
