3572 5472
774 278 990 341 ..31-

228 435 557 502 Lacedaemoniorum
586 437 736 522 evitaret,
765 437 893 502 obsides
921 437 1121 503 redditurum
1150 461 1221 504 esse
1243 439 1384 505 fortasse
1405 446 1535 524 poterat

228 542 378 628 cogitari,
402 543 431 608 si
454 565 529 610 vero
553 543 675 609 bellum
696 544 726 608 ei
744 543 831 609 ultro
850 543 1057 629 inferebatur,
1080 549 1277 630 exspectare,
1300 551 1338 612 ut
1356 547 1535 616 Archelaus

229 649 396 716 obsidibus
418 653 574 736 parceret,
596 650 742 734 ineptum
765 654 844 716 crat.
869 687 906 700 -—
929 650 1051 728 Quodsi
1073 651 1218 717 videmus
1242 657 1405 719 oratorem
1428 656 1534 738 ipsum

229 757 381 822 simulare
415 757 543 842 quidem
575 756 696 822 bellum
727 756 890 826 Archelao
923 758 1138 844 inferendum,
1173 781 1243 824 rem
1275 781 1385 826 veram
1416 765 1535 844 temen,

228 861 558 930 Lacedaemoniorum
570 864 695 930 scilicet
706 865 879 949 imperinm
888 863 1057 930 Thessalis
1071 863 1313 951 iniungendum,
1326 888 1393 932 non
1401 887 1534 950 prorsus

227 971 374 1055 reprimi,
406 973 462 1036 sed
490 994 528 1037 ex
558 971 714 1038 suadendi
743 972 850 1038 colore
880 971 960 1038 satis
988 971 1073 1036 clere
1103 971 1281 1057 perlucere,
1314 972 1398 1038 hanc
1424 994 1534 1040 ueram

228 1098 336 1142 rerum
360 1078 578 1144 conditionem
600 1100 670 1144 csse
690 1099 772 1163 quae
791 1078 968 1144 adversarii
987 1081 1156 1162 opponunt
1174 1083 1284 1162 aperte
1304 1077 1536 1146 demonstrent.

228 1182 416 1250 Adversarii
440 1185 526 1250 enim
550 1207 683 1269 prorsus
706 1185 864 1271 neglectis
885 1184 966 1250 belli
984 1184 1167 1250 rationibus
1187 1189 1220 1250 et
1236 1185 1380 1270 periculo
1400 1209 1420 1251 a
1437 1186 1534 1252 Lace·

228 1289 407 1356 daemoniis
435 1292 589 1358 societate
617 1293 738 1357 reiecta
760 1291 958 1375 imminenti,
985 1312 1027 1355 ne
1050 1295 1183 1376 accepte
1207 1292 1360 1357 societate
1383 1293 1431 1358 vis
1454 1294 1535 1378 ipsis

230 1396 400 1482 inferatur,
424 1399 542 1463 timent
563 1403 597 1462 ct
619 1399 667 1464 ita
688 1399 789 1464 verba
811 1397 947 1482 faciunt,
970 1397 1063 1482 quari
1085 1419 1153 1463 non
1177 1397 1256 1462 belli
1278 1398 1342 1463 dux
1365 1402 1398 1462 et
1421 1400 1537 1484 socius,

229 1503 285 1568 sed
313 1504 403 1587 pacis
432 1507 524 1589 qnasi
551 1509 707 1588 patronus
736 1508 793 1570 aut
819 1504 1015 1588 Archelaus,
1044 1508 1101 1568 aut
1123 1503 1371 1570 Lacedaemonii
1398 1505 1535 1592 eligendi

228 1609 304 1673 sint.
360 1607 392 1674 si
426 1612 512 1676 enim
542 1611 662 1677 bellum
690 1611 776 1676 inter
804 1612 883 1676 duas
912 1612 1061 1676 civitates
1090 1611 1248 1676 oriturum
1276 1615 1339 1695 est,
1370 1613 1536 1696 potentior

229 1716 335 1779 socius
368 1721 454 1780 certe
482 1717 598 1783 melior
627 1717 689 1803 cat,
721 1717 897 1785 adversarii
927 1722 1036 1782 autem
1064 1717 1260 1784 Archelaum
1293 1717 1536 1784 anteferendum

228 1843 298 1887 esse
328 1823 539 1909 contendunt,
570 1826 646 1910 quia
674 1825 808 1889 inferior
838 1824 883 1888 sit
910 1823 1173 1890 Lacedaemoniis
1204 1822 1340 1910 (τοῦτον
1370 1821 1431 1910 μὲν
1460 1821 1536 1912 γάρ,

229 1929 259 1992 εἰ
289 1929 513 2014 βουλοίμεθα,
551 1925 730 2016 δυναίμεθ’
766 1923 809 1995 ἂν
841 1923 1046 2015 ἀμύνεσθαι,
1079 1934 1376 2016 Πελοποννησίους
1407 1928 1439 1997 d'
1475 1927 1536 1998 οὐκ

228 2030 299 2121 ἄν),
325 2040 357 2130 et
381 2058 420 2102 ea
438 2037 476 2102 de
496 2059 594 2102 cause
606 2035 761 2102 Archelai
778 2037 999 2122 principatum
1016 2037 1154 2103 retinere
1168 2034 1385 2124 (στασιάζειν)
1400 2039 1536 2118 malunt,

229 2165 326 2227 quam
348 2141 676 2209 Lacedaemoniorum
698 2143 871 2228 imperium
894 2143 1002 2208 subire
1026 2140 1217 2230 (δουλεύειν
1241 2139 1387 2232 ἑτέροις).

316 2249 505 2316 Adversarii
527 2251 642 2336 igitur,
669 2250 746 2337 quid
773 2273 809 2316 re
832 2253 909 2316 uere
931 2250 1107 2316 moliantur
1129 2250 1391 2338 Lacedaemonii,
1413 2256 1534 2338 perspi-

229 2359 331 2442 ciunt,
364 2379 501 2443 quorum
533 2379 606 2424 eum
635 2357 715 2422 fides
746 2357 849 2422 maior
878 2379 948 2422 esse
976 2356 1136 2436 videatur,
1169 2379 1266 2441 quam
1294 2359 1448 2444 oratoris,
1480 2361 1536 2442 qui

229 2463 556 2530 Lacedaemoniorum
584 2463 693 2530 studio
720 2485 789 2528 rem
818 2486 927 2530 veram
955 2462 1152 2547 dissimulat,
1184 2463 1266 2528 hanc
1294 2487 1402 2530 rerum
1428 2466 1536 2532 condi-

228 2561 350 2636 tio'nem
375 2577 566 2658 argumento
589 2575 703 2638 nostro
727 2570 859 2636 subesse
882 2573 1025 2635 statuere
1048 2570 1241 2654 poterimus:

316 2677 565 2745 Lacedaemonii
582 2677 743 2744 Archelao
762 2678 953 2762 irascuntur,
977 2675 1062 2760 quod
1086 2679 1199 2741 contra
1218 2676 1433 2742 Athenienses
1456 2679 1536 2762 ipsis

229 2785 350 2851 auxilia
375 2807 441 2850 non
468 2785 608 2871 miserit,
635 2785 692 2851 sed
718 2785 843 2850 neutris
871 2783 1020 2868 partibus
1048 2805 1082 2848 se
1110 2781 1279 2848 addixerit.
1325 2781 1430 2848 Simul
1455 2783 1535 2867 ipsis

228 2893 433 2976 propositum
471 2895 533 2976 est,
569 2896 607 2957 ut
638 2893 674 2957 in
705 2892 948 2958 Larissaeorum
979 2889 1075 2954 rebus
1107 2889 1306 2974 principatui
1337 2911 1395 2956 suo
1429 2889 1536 2955 locum

228 2997 358 3082 faciant,
382 2999 477 3085 quod,
498 2999 562 3064 nisi
580 2997 732 3064 Archelai
755 2997 937 3082 potentiam
955 2995 1121 3082 fregerint,
1144 2995 1214 3060 fieri
1232 3017 1299 3062 non
1316 2999 1436 3081 potest.
1472 2995 1536 3061 Ita·

229 3126 291 3188 que
318 3128 392 3171 cum
419 3109 467 3172 rei
494 3105 649 3172 invidiam
675 3105 771 3170 veriti
801 3107 834 3168 et
856 3102 1132 3169 clandestinorum
1155 3103 1365 3169 consiliorum
1389 3104 1535 3168 amantes

229 3219 339 3296 aperte
367 3213 538 3298 imperium
566 3235 660 3278 sunm
683 3211 860 3278 Larissaeis
888 3209 1057 3293 iniungere
1084 3229 1152 3273 non
1177 3208 1329 3293 audeant,
1357 3209 1478 3274 bellum
1501 3231 1535 3274 se

231 3340 304 3383 cum
322 3319 493 3404 Archelao,
517 3320 592 3404 quia
615 3318 736 3384 auxilia
758 3318 839 3402 ipsis
863 3319 976 3384 contra
994 3315 1212 3382 Athenienses
1235 3315 1365 3380 mittere
1386 3314 1536 3401 noluerit,

230 3429 379 3510 gesturos
403 3429 437 3490 et
454 3409 643 3490 Larissaeus
668 3448 687 3489 a
709 3425 796 3510 regis
814 3425 945 3491 barbari
968 3423 1104 3508 imperio
1124 3423 1317 3488 liberaturos
1341 3443 1412 3488 esse
1436 3423 1534 3488 simu·

228 3531 308 3616 lant,
331 3533 420 3598 cuius
443 3532 522 3596 belli
545 3534 582 3596 ut
606 3533 796 3597 societatem
819 3534 991 3616 capessant
1012 3529 1201 3595 Larissaeos
1225 3529 1447 3596 cohortantur.
1483 3529 1535 3594 Ita

227 3638 380 3704 Archelai
411 3639 446 3702 in
476 3639 572 3703 rebus
603 3637 769 3704 Thessalis
799 3637 989 3703 auctoritati
1019 3643 1052 3702 ct
1079 3637 1215 3721 imperio
1245 3636 1357 3716 finem,
1389 3637 1535 3720 ipsorum

230 3747 335 3811 locum
361 3767 430 3811 sese
453 3745 597 3811 facturos
621 3767 691 3810 csse
715 3747 856 3829 sperant.

775 3975 988 3986 --.-

756 4173 906 4272 Oaput
932 4171 1010 4248 IV.

612 4333 658 4396 Da
680 4329 741 4396 Alc
764 4330 921 4396 mennae
943 4331 977 4394 et
999 4327 1152 4394 loeutus.

318 4492 546 4578 Quaestiones,
570 4515 653 4592 quas
681 4491 787 4557 adhuc
814 4491 943 4556 institui
969 4491 1009 4556 de
1036 4489 1197 4574 oratione,
1224 4509 1306 4573 quae
1332 4487 1411 4553 artis
1434 4487 1532 4551 ratio-

227 4601 324 4665 nibus
352 4601 526 4664 aestimata
552 4599 674 4664 nullius
701 4599 769 4664 fere
801 4598 898 4683 pretii
929 4601 991 4682 cst,
1023 4599 1191 4680 susceptae
1224 4598 1313 4679 sunt,
1345 4594 1421 4680 quia
1452 4592 1534 4656 mihi

228 4727 418 4789 persuasum
446 4710 497 4770 est
523 4709 750 4790 argumentum
772 4709 921 4770 nostrum
943 4705 977 4768 in
998 4725 1107 4770 rerum
1130 4705 1296 4787 gestarum
1320 4699 1533 4784 descriptione

230 4814 351 4880 versari
384 4818 416 4876 et
448 4835 486 4876 cx
514 4835 621 4878 rarum
650 4816 815 4897 gestarum
844 4809 999 4875 memoria
1025 4809 1178 4873 haustum
1207 4829 1288 4880 esse.
1340 4805 1432 4883 Quod
1460 4827 1531 4870 cum
