3572 5472
779 269 998 338 ..23-

327 432 430 508 Quam
448 435 626 520 figurarum
646 433 773 517 copiam
787 433 981 499 Philostrati
995 434 1184 500 testimonio
1199 457 1331 519 prorsus
1351 437 1540 502 satisfacere

238 547 381 627 apparet.
426 541 563 606 Dicendi
591 562 668 606 vero
695 539 855 605 rationem
892 541 1091 606 ornamentis
1120 563 1137 606 e
1168 541 1346 628 longinquo
1377 543 1540 634 arcessitis

238 649 317 714 adeo
342 647 489 733 putidam
513 651 546 712 et
565 647 658 732 quasi
675 646 824 712 obrutam
843 647 883 712 ab
908 647 1096 712 hominibus
1115 670 1242 714 summa
1264 649 1358 714 laude
1373 650 1540 734 celebrari,

237 755 293 840 qui
316 754 442 848 rhoendi
466 752 710 838 simplicitatem
733 752 878 818 nativam
903 756 936 816 et
963 753 1157 838 elegantiam
1181 755 1384 840 ignorantes,
1413 759 1446 836 et
1468 756 1539 821 doo-

236 861 322 926 trina
349 861 469 947 magis,
492 881 589 944 quam
612 859 742 944 ingenio
763 859 908 924 valentes
932 859 1056 924 formae
1081 861 1221 944 speciem
1240 865 1368 926 tantum
1387 863 1541 947 colerent,

237 971 269 1032 et
296 968 363 1032 suis
390 967 512 1034 viribus
541 987 657 1050 parum
685 965 737 1030 fisi
765 965 917 1052 omnique
945 966 1063 1032 iudicio
1089 967 1236 1032 destituti
1263 969 1413 1035 imitandi
1443 990 1541 1036 causa

236 1076 276 1140 ad
299 1073 477 1159 primordia
501 1073 701 1157 eloquentiae
722 1072 937 1154 declinarent,
960 1095 1027 1138 non
1049 1074 1255 1160 miraremur,
1284 1075 1412 1140 etiamsi
1439 1075 1540 1143 Hero-

236 1182 318 1266 dem,
333 1181 481 1266 quamvis
496 1181 531 1246 in
545 1179 680 1244 dicendo
700 1179 843 1244 omnium
857 1179 1037 1264 principem
1056 1181 1265 1265 appellatum,
1284 1181 1410 1246 modica
1430 1187 1540 1248 tamon

235 1289 268 1352 vi
287 1292 321 1352 et
338 1289 462 1372 impetu
481 1285 607 1351 dicendi
625 1308 720 1350 usum
739 1307 808 1352 esse
826 1287 1033 1352 nesciremus.
1066 1287 1114 1352 Re
1133 1309 1209 1353 vera
1228 1289 1377 1373 graviore
1398 1292 1430 1354 ct
1443 1289 1538 1354 vehe-

235 1394 394 1459 mentiore
417 1393 544 1459 dicendi
573 1391 605 1456 vi
634 1395 668 1456 et
695 1393 811 1476 spiritu
839 1395 952 1458 nostra
975 1415 1102 1478 quoque
1126 1395 1230 1460 oratio
1255 1398 1351 1460 caret.
1397 1394 1540 1462 Maxima

236 1499 320 1564 enim
345 1501 412 1565 eius
435 1522 512 1586 pars
534 1500 570 1564 in
593 1501 873 1584 argumentatione
892 1503 1039 1568 versatur
1058 1505 1091 1565 et
1109 1485 1317 1586 progressum
1336 1505 1539 1568 constantem

235 1611 520 1694 attemperatum,
548 1607 603 1691 qui
632 1628 703 1672 eam
728 1607 831 1692 decet,
859 1609 970 1691 paucis
994 1608 1091 1674 modo
1114 1607 1195 1673 loeis
1223 1609 1321 1692 paulo
1350 1609 1480 1692 gravior
1506 1607 1540 1674 'et

234 1715 367 1780 liberius
391 1717 549 1801 evagatus
573 1713 730 1778 orationis
754 1735 866 1778 cursus
891 1714 988 1780 subit.
1034 1713 1176 1780 Possunt
1199 1715 1234 1779 in
1256 1714 1307 1778 his
1331 1715 1459 1800 haberi,
1483 1716 1540 1780 ubi

235 1821 274 1886 de
302 1821 556 1905 calamitatibus,
587 1841 668 1904 quae
697 1841 736 1885 ex
765 1821 921 1886 seditione
948 1820 1142 1905 redundent,
1170 1826 1204 1886 et
1227 1822 1267 1887 de
1290 1823 1444 1888 societate
1467 1844 1539 1888 cum

235 1927 414 1994 coniunctis
434 1927 631 1994 Graecorum
651 1925 839 1992 civitatibus
860 1925 1013 1992 adversus
1032 1927 1188 1992 barbaros
1208 1928 1349 1994 ineunda
1362 1929 1493 1994 disserit
1531 1979 1540 1995 .

322 2033 447 2100 Eadem
465 2035 505 2100 de
532 2057 630 2100 causa
652 2033 769 2119 grandi
793 2033 919 2100 dicendi
941 2035 1053 2118 generi
1077 2037 1110 2098 et
1133 2034 1267 2100 affectus
1291 2035 1441 2100 movendi
1461 2036 1539 2100 arti-

234 2143 306 2209 ficio
333 2163 450 2226 parcus
479 2144 529 2206 est
553 2141 661 2225 locus,
689 2143 820 2206 exstant
846 2143 957 2205 tamen
985 2141 1133 2225 exempla
1161 2144 1194 2205 et
1227 2142 1339 2206 eadem
1361 2141 1428 2207 fere
1456 2146 1540 2227 aunt,

235 2272 316 2334 quac
339 2247 435 2313 modo
460 2247 571 2330 attuli,
603 2247 685 2312 illud
711 2247 873 2332 tragicum
902 2248 1008 2332 magis
1036 2247 1178 2313 colorem
1205 2249 1362 2332 praebens
1391 2253 1424 2313 et
1447 2271 1539 2315 orna-

234 2355 353 2420 mentis
385 2354 524 2418 maxime
557 2353 766 2435 instructum,
797 2354 860 2420 hoc
888 2355 995 2420 minus
1026 2355 1201 2421 artificiose
1232 2377 1271 2420 ex
1300 2378 1408 2422 rerum
1432 2352 1540 2422 condi-

233 2461 321 2527 tione
344 2461 508 2526 haustum.

323 2565 465 2632 Affectui
488 2565 609 2632 blando
638 2567 849 2651 ostendendo,
880 2569 997 2653 quippe
1027 2569 1082 2652 qui
1110 2569 1290 2654 simplicem
1317 2573 1351 2634 et
1378 2569 1540 2634 sincerum

234 2675 334 2739 animi
362 2696 491 2740 sensum
520 2674 692 2758 exprimat,
720 2675 824 2740 multa
851 2675 918 2740 iam
947 2675 1125 2760 figurarum
1159 2679 1352 2742 ornamenta
1384 2680 1417 2741 et
1454 2677 1539 2741 ratio

233 2783 360 2848 dicendi
375 2781 551 2847 artificiosa
566 2781 707 2846 obstant.
745 2781 918 2846 Praeterea
937 2782 1062 2848 acerbis
1076 2782 1228 2847 Archelai
1244 2783 1539 2848 obtrectationibus

234 2892 268 2952 et
299 2888 556 2954 adversariorum
583 2887 836 2954 refutationibus
867 2888 1048 2952 occisorum
1076 2909 1133 2970 per
1157 2889 1349 2954 seditionem
1372 2888 1538 2954 miseratio

235 3000 267 3059 et
294 2995 421 3079 patriae
445 2993 706 3077 Graecorumque
734 2993 875 3058 studium
905 2999 938 3059 et
966 3016 1043 3082 cura
1072 2994 1221 3078 ratioque
1245 2995 1394 3060 obsidum
1422 2995 1539 3060 salutis

234 3102 348 3167 habita
376 3121 479 3186 paene
503 3101 746 3185 obstrepuntur.
791 3099 842 3164 Ex
864 3100 1117 3166 refutationibus
1141 3101 1208 3165 illis
1239 3124 1305 3166 una
1330 3102 1538 3186 potissimum

234 3207 415 3274 Critianam
437 3207 530 3272 illam
552 3207 587 3272 in
606 3205 804 3272 defendendo
831 3205 1043 3271 acerbitatem
1066 3207 1238 3272 invehendi
1260 3208 1380 3273 referre
1403 3209 1540 3292 videtur,

172 3326 200 3404 J
233 3317 290 3380 ubi
313 3315 391 3380 dicit
413 3317 537 3380 noster:
561 3313 606 3378 El
628 3309 665 3377 dl
687 3310 742 3377 καὶ
765 3308 864 3378 τόνδε
886 3336 936 3391 τις
962 3309 1024 3379 τὸν
1047 3311 1151 3399 λόγον
1178 3312 1278 3396 λέξει,
1302 3307 1347 3390 ὡς
1367 3309 1540 3399 Ἀρχέλαος

233 3423 354 3498 παῖδας
382 3423 447 3504 ἔχει
474 3417 530 3484 καὶ
562 3415 619 3484 ded
650 3415 729 3496 τοὺς
756 3419 877 3496 παῖδας
903 3413 964 3504 οὐχ
992 3413 1102 3486 οἷόντε
1134 3425 1372 3506 συμπολεμεῖν,
1405 3420 1540 3504 πρῶτον

232 3526 295 3612 μὲν
327 3523 422 3606 ἄξιον
453 3521 625 3610 θαυμάσαι
657 3527 795 3608 τοῦτον,
828 3521 919 3602 ὅστις
949 3524 1024 3613 περὶ
1056 3523 1119 3611 μὲν
1156 3525 1235 3592 δέκα
1266 3526 1398 3592 παίδων
1430 3524 1540 3611 ligere,

232 3632 307 3719 περὶ
331 3629 368 3698 δὲ
390 3633 458 3698 τῶν
481 3627 639 3698 ἁπάντων
663 3625 704 3698 οὐ
727 3629 814 3716 λέγει
838 3656 938 3698 ...κ.
961 3657 988 3698 c.
1011 3637 1038 3697 l.

321 3739 564 3806 Sententiarum
583 3739 727 3824 dignitas
748 3743 781 3804 et
801 3740 931 3805 ubertas
949 3740 1075 3806 formae
1095 3739 1158 3804 etsi
1177 3739 1320 3822 ineptae,
1343 3738 1541 3804 artificiosae

232 3852 344 3914 tamen
368 3851 400 3913 et
423 3846 609 3931 splendidae
632 3845 764 3910 minime
783 3847 965 3930 respondet.
1007 3845 1084 3930 Ipsa
1108 3851 1219 3912 tamen
1242 3845 1307 3909 iam
1332 3866 1438 3924 causa,
1457 3867 1539 3929 quae

233 3956 268 4020 in
291 3955 445 4020 societate
468 3950 663 4018 Graecorum
687 3953 801 4016 contra
823 3973 933 4038 regern
957 3954 1132 4019 barbarum
1155 3951 1408 4018 commendanda
1433 3973 1539 4015 versa-

233 4066 300 4146 tur,
326 4083 395 4126 rem
425 4059 610 4144 graviorem
633 4061 666 4122 et
689 4058 870 4144 digniorem
893 4061 1061 4144 proponit,
1088 4082 1185 4146 quam
1215 4058 1344 4143 qualem
1367 4058 1539 4142 pleraeque

232 4167 328 4232 huius
348 4166 470 4231 saeculi
487 4185 593 4250 nugae
613 4164 826 4230 scholasticae
844 4166 1015 4251 praebent,
1037 4187 1141 4250 neque
1168 4186 1244 4230 vero
1272 4163 1446 4247 explicatio
1475 4164 1539 4230 dis·

234 4273 360 4338 serendi
388 4273 571 4356 alacritate,
601 4271 785 4338 inveniendi
810 4272 963 4356 sollertia,
991 4271 1240 4358 argumentandi
1270 4270 1417 4335 acumine
1441 4275 1540 4336 caret.

234 4378 411 4466 Postquam
434 4378 545 4464 paucis
574 4380 684 4442 orator
713 4399 807 4442 suum
835 4400 905 4443 esse
934 4377 973 4443 de
997 4400 1095 4443 causa
1123 4377 1292 4462 proposita
1320 4375 1426 4440 dicere
1455 4397 1541 4442 oom-

234 4485 385 4570 probavit
408 4490 441 4552 et
463 4483 672 4568 arrogantiae
696 4484 817 4549 crimen
839 4483 959 4570 reiecit,
982 4485 1222 4568 enthymemate
1243 4505 1320 4547 usus
1345 4482 1426 4546 satis
1445 4483 1538 4568 gravi

236 4594 274 4658 ad
304 4593 410 4678 ipsam
438 4613 570 4658 causam
597 4589 721 4656 accedit
748 4594 781 4654 et
808 4590 857 4654 ita
889 4591 1111 4676 quaestionem
1134 4588 1286 4672 disponit,
1308 4591 1345 4652 ut
1369 4592 1401 4654 et
1423 4587 1538 4653 utilem

235 4721 305 4764 esse
328 4703 362 4764 et
388 4697 603 4764 necessariam
632 4696 822 4762 societatem
845 4719 864 4762 a
890 4719 923 4762 se
947 4697 1206 4762 commendatam
1230 4693 1453 4762 demonstrare
1476 4693 1540 4758 sibi

234 4808 404 4890 proponat.
453 4803 631 4890 Postquam
659 4802 750 4868 brevi
778 4801 892 4868 deinde
920 4803 1137 4870 conditionem
1160 4800 1313 4867 Archelai
1341 4803 1375 4866 et
1398 4800 1539 4866 civitatis
