3572 5472
779 307 1098 372 -46..·

233 470 376 535 narratis
399 470 543 534 debetur.
587 465 683 532 Hunc
706 467 780 532 fidei
805 471 838 532 at
859 467 1009 533 veritatis
1033 467 1165 532 modurn
1188 471 1376 551 poteramus
1399 469 1540 534 transire

234 577 268 641 in
291 577 333 641 iis
355 575 466 662 rebus,
493 575 551 640 ubi
579 573 719 640 oratoris
749 579 782 638 et
807 573 1066 638 adversariorum
1090 574 1272 639 sententiae
1294 575 1478 660 oppositae,
1504 579 1541 640 ut

235 683 343 748 studia
366 686 399 747 et
423 682 591 767 opiniones
615 681 839 746 excederemus
859 684 892 745 et
915 701 1024 745 veram
1052 700 1160 745 rerum
1184 681 1403 747 conditionem
1427 703 1542 767 eogno-

235 811 413 874 sceremus,
440 787 685 873 permittebant,
713 823 749 834 —-
771 787 828 852 ubi
851 787 914 852 hoc
937 786 1157 852 adiumentum
1184 787 1305 874 deficit,
1332 789 1366 854 in
1393 789 1452 854 illo
1480 789 1542 854 erit

235 895 515 981 acquiescendum.

323 1001 608 1086 lacedaemonios,
636 1004 672 1066 ut
700 1001 785 1086 apud
808 999 959 1066 Larissae
987 1000 1164 1084 optimates
1192 1001 1329 1086 imperio
1353 1023 1411 1068 suo
1434 1004 1540 1068 locum

239 1109 392 1195 facerent,
415 1109 538 1175 frustm
560 1129 692 1194 operam
712 1107 838 1174 dedisse
857 1111 891 1173 st
914 1108 954 1174 ab
978 1107 1019 1172 iis
1042 1107 1178 1173 reiectos
1197 1107 1335 1176 Oetaeos
1354 1109 1389 1174 in
1407 1108 1541 1175 Thessa·

235 1217 314 1282 liam
346 1216 507 1301 expulisse
537 1218 570 1280 et
599 1237 671 1280 cum
700 1214 926 1300 Lycophrona,
957 1213 1134 1280 Pherarum
1167 1219 1319 1300 tyranno,
1352 1217 1541 1282 societatem

164 1379 167 1382 .
236 1324 349 1389 fecisse
381 1323 447 1388 iam
479 1323 600 1388 dietum
633 1326 692 1389 est.
746 1321 834 1399 Quae
867 1326 1002 1388 conatus
1034 1323 1163 1388 vanitas
1194 1323 1292 1389 simul
1322 1345 1386 1389 una
1415 1321 1542 1388 videtur

239 1452 337 1518 causa
365 1451 449 1515 esse,
477 1429 517 1494 de
540 1449 606 1515 qua
632 1450 737 1514 neque
759 1429 942 1514 Xenophon
968 1450 1072 1514 neque
1097 1430 1152 1495 alii
1175 1453 1281 1496 rerum
1306 1430 1479 1515 scriptores
1503 1430 1541 1495 de

235 1537 287 1602 his
307 1537 403 1602 rebus
422 1536 596 1621 quidquam
614 1537 711 1602 nobis
729 1537 890 1604 tradidere
909 1541 941 1602 et
959 1537 1064 1602 altera
1081 1536 1306 1621 Xenophontis
1326 1537 1541 1622 componendi

236 1644 320 1708 ratio
351 1646 385 1708 et
413 1643 577 1729 voluntas,
610 1665 674 1728 qua
703 1645 755 1710 vel
785 1645 909 1710 maiora
937 1645 1095 1729 facinora,
1126 1645 1244 1710 nedum
1274 1645 1411 1710 consilia
1440 1645 1541 1730 irrita,

238 1749 360 1817 omisit.
414 1747 607 1836 Quanquam
640 1773 716 1817 vero
745 1774 765 1816 a
791 1773 898 1818 rerum
929 1751 1140 1835 scriptoribus
1167 1751 1262 1817 nobis
1291 1751 1329 1818 do
1360 1752 1411 1817 his
1443 1753 1539 1818 rebus

234 1857 317 1922 nihil
340 1856 497 1922 traditum
520 1859 583 1941 est,
606 1861 716 1924 tamen
738 1855 878 1924 Herodis
902 1859 1083 1924 orationem
1106 1861 1235 1924 tantam
1257 1879 1365 1923 rerum
1388 1859 1484 1924 fidem
1508 1863 1540 1923 et

235 1964 456 2050 cognitionem
481 1968 662 2050 praestare,
690 1969 845 2050 quantam
873 1965 908 2031 in
935 1966 1031 2031 rebus
1059 1969 1128 2030 tam
1151 1967 1285 2032 remotis
1309 1965 1379 2032 sine
1402 1965 1541 2030 fontium

234 2072 373 2136 materia
400 2070 561 2136 Herodem
590 2070 743 2138 habuisse
770 2095 836 2138 non
863 2071 1018 2141 credibile
1047 2074 1104 2159 sit,
1133 2075 1293 2160 quaestio,
1324 2095 1422 2160 quarn
1450 2073 1540 2139 insti-

236 2178 374 2262 tuimus,
397 2175 513 2244 docuit.

325 2283 450 2350 Eodem
477 2285 573 2352 modo
602 2286 786 2370 argumenti
815 2287 998 2352 obscuritas
1025 2288 1184 2372 postulat,
1214 2291 1251 2352 ut
1273 2287 1436 2353 Herodem
1460 2286 1541 2352 anti-

236 2391 373 2476 quitatis
406 2391 539 2477 aliquod
566 2396 811 2458 monumentum
839 2397 984 2460 secutum
1014 2415 1083 2459 esse
1111 2397 1307 2480 statuamus,
1335 2393 1421 2479 quod
1449 2392 1541 2458 disci·

236 2499 321 2582 pulis
343 2501 457 2564 notum
481 2503 576 2565 esset.

326 2601 361 2670 Si
384 2625 461 2670 vero
480 2605 674 2691 quaerimus,
692 2605 887 2690 quibusnam
904 2606 1049 2672 fontibus
1068 2629 1145 2673 usus
1165 2608 1217 2692 sir,
1236 2629 1273 2672 ec
1292 2606 1374 2672 haec
1393 2606 1540 2692 quaestio

236 2711 400 2778 difficilior
423 2716 473 2777 est
496 2711 688 2796 diiudicatu,
717 2713 801 2797 quod
824 2713 890 2798 ipsi
916 2713 1024 2780 fontes
1047 2710 1151 2780 nobis'
1167 2715 1278 2780 amissi
1302 2717 1390 2796 sunt,
1414 2718 1448 2779 et
1470 2735 1540 2778 ora·

235 2819 359 2884 tionem
387 2817 426 2884 ad
454 2818 562 2884 fontes
590 2839 742 2885 revocare
766 2819 930 2886 difficilius
954 2825 1017 2907 cst,
1041 2843 1137 2906 quam
1161 2843 1256 2905 opus,
1280 2819 1365 2905 quod
1387 2821 1422 2885 in
1444 2820 1541 2885 rebus

238 2925 341 3011 gestis
364 2924 529 3000 badendis
552 2915 711 2993 uersatur.
752 2927 842 3005 Quae
865 2949 938 2994 cum
962 2928 1010 2994 ita
1033 2929 1109 3014 sint,
1131 2927 1231 2993 fontis
1256 2927 1437 2993 excutiendi
1459 2928 1541 3012 peri-

236 3033 345 3099 culum
368 3033 588 3118 opinationem
611 3034 764 3100 excedere
785 3057 851 3102 non
874 3040 990 3122 potest

324 3139 463 3206 Materia
481 3143 591 3224 autem
609 3139 728 3208 hausta
747 3164 819 3208 esse
836 3146 946 3228 potest
964 3165 1002 3208 ex
1022 3165 1117 3228 opere
1135 3142 1293 3209 historico
1312 3145 1370 3208 aut
1389 3141 1541 3207 oratorio.

236 3247 289 3312 De
315 3247 444 3314 nomine
473 3247 641 3331 scriptoris
670 3253 877 3336 quaerentes,
904 3271 999 3337 quem
1027 3249 1173 3316 Herodes
1196 3253 1327 3315 secutus
1353 3250 1410 3335 sit,
1432 3249 1541 3314 Philo-

237 3353 333 3419 strati
360 3353 549 3418 testimonic
577 3353 616 3418 ds
646 3351 766 3421 Critiae
794 3355 977 3422 imitatione
1006 3341 1039 3422 et
1067 3355 1183 3422 studiis
1210 3355 1350 3421 Herodis
1378 3353 1541 3442 Critianis,

236 3463 269 3524 et
302 3459 406 3544 ipsius
439 3459 597 3525 orationis
629 3462 781 3548 matmia,
813 3485 873 3529 nec
904 3485 971 3528 non
998 3462 1328 3530 Lacedaemoniorum
1361 3463 1467 3528 studio
1501 3462 1540 3528 ad

237 3563 375 3630 (tritium
416 3587 612 3634 revocamur.
666 3566 785 3636 Critias
819 3571 906 3636 enim
942 3573 1027 3636 teste
1054 3570 1224 3636 Athenaeo
1256 3569 1320 3634 XII
1350 3568 1469 3636 527A
1506 3572 1539 3634 et

235 3671 313 3738 XIV
351 3671 470 3738 deal
506 3675 688 3739 Πολιτείαν
726 3677 901 3742 Θετταλῶν
948 3681 1183 3760 composuerat.
1241 3676 1427 3742 Posteriora
1466 3677 1538 3741 loco

236 3779 425 3867 Athenaeus
452 3772 697 3863 ὁμολογοῦνται
725 3781 777 3867 δέ,
801 3783 917 3868 inquit,
940 3783 976 3848 οί
994 3780 1153 3850 Θετταλοί
1175 3781 1447 3849 πολυτελέστατοι
1470 3783 1539 3846 τῶν

232 3878 405 3969 Ἑλλήνων
436 3877 639 3969 percutiatur
672 3891 752 3975 περί
778 3913 813 3956 τε
840 3885 899 3967 τὰς
926 3887 1070 3974 ἐσθῆτας
1098 3886 1154 3955 καί
1185 3886 1248 3976 τὴν
1281 3891 1427 3954 δίαιταν·
1459 3882 1539 3974 ὅπερ

236 3985 351 4068 αὐτοῖς
380 3995 490 4056 αίτιον
527 3989 657 4076 ἐγένετο
689 3993 745 4060 καὶ
776 3997 837 4062 τοῦ
863 3991 947 4062 κατὰ
977 3992 1041 4080 τῆξ
1062 3991 1222 4073 Ἑλλάδος
1254 3995 1432 4080 ἐπαγαγεῖν
1462 3991 1541 4072 τοὺς

235 4096 371 4182 Πέρσας
398 4094 576 4182 ἐζηλωκόσι
603 4095 666 4184 τὴν
693 4095 823 4166 τούτων
849 4095 983 4186 τρυφὴν
1010 4097 1065 4166 καὶ
1088 4098 1313 4168 πολυτέλειαν.
1356 4101 1483 4186 ἱστορεῖ
1503 4097 1541 4164 dl

236 4203 291 4272 καί
313 4203 389 4292 περὶ
411 4205 470 4290 τῆς
491 4209 704 4284 πολυτελείας
726 4202 838 4272 αὐτῶν
865 4205 920 4273 καί
936 4211 1084 4294 ,Κριτίας
1112 4207 1149 4273 ἐν
1171 4208 1212 4295 τῇ
1235 4209 1396 4296 Πολιτείᾳ
1418 4201 1540 4272 αὐτῶν.

236 4311 469 4379 Demonstrare
495 4312 623 4378 videtur
649 4312 743 4377 illud:
772 4313 909 4399 ίστορεί·
924 4313 961 4380 dl
992 4313 1048 4380 καί
1076 4316 1217 4400 Κριτίας
1243 4313 1407 4379 Athenaei
1433 4313 1540 4378 locum

237 4443 304 4486 non
326 4419 399 4505 ipsa
422 4417 546 4486 Critiae
567 4419 669 4486 verba
691 4419 851 4506 exhibere,
874 4422 930 4487 sed
954 4419 1091 4489 Critiam
1113 4423 1148 4486 in
1170 4421 1255 4486 libro
1280 4442 1338 4486 suo
1362 4419 1484 4486 similia
1501 4419 1540 4482 de

237 4526 412 4594 Thessalia
440 4525 623 4612 scripsisse,
655 4530 688 4592 et
715 4527 799 4591 nihil
826 4528 977 4615 impedit,
1004 4529 1178 4614 quominus
1204 4525 1341 4594 Oritiam
1368 4525 1541 4592 tradidisse

238 4635 406 4702 credamus
429 4633 468 4699 de
491 4633 723 4700 Thessalorum
741 4635 869 4700 luxuria
893 4635 1013 4701 similia
1035 4637 1090 4722 iis,
1118 4656 1201 4720 quae
1227 4637 1341 4699 nostra
1368 4633 1473 4698 oratio
1501 4631 1540 4697 de

238 4743 428 4810 Thessaliae
445 4741 595 4806 ubertate
614 4745 647 4805 et
666 4741 781 4826 opibus
799 4742 833 4806 in
852 4742 972 4808 milites
992 4742 1207 4808 mercenarios
1226 4739 1382 4825 impensis
1401 4739 1541 4804 exhibet.

238 4849 350 4935 Neque
373 4870 449 4916 vero
473 4847 544 4913 fieri
562 4869 629 4912 non
648 4851 766 4934 potest,
789 4851 826 4912 ut
844 4846 964 4914 Critiae
986 4849 1070 4914 liber
1092 4871 1143 4915 res
1163 4851 1282 4934 gestas,
1306 4845 1541 4932 qualeatradit
