3572 5472
771 274 986 340 ..29-

225 434 390 516 videntur,
419 433 476 518 qui
497 431 740 498 Larissaeorum
769 433 925 518 potestati
949 433 1087 498 subiecti
1110 430 1165 516 (cf.
1185 431 1307 500 ¹Strabo
1326 435 1405 502 430:
1428 437 1530 521 Λαρι-

227 551 317 605 σαῖοι
341 530 404 606 οὖν
427 550 580 624 κατεῖχον
602 537 683 616 τέως
700 535 762 624 τὴν
781 539 990 625 Περραιβίαν
1008 537 1064 604 καὶ
1086 538 1214 623 φόρους
1235 537 1446 625 ἐπράτταντο,
1470 541 1532 618 ἕως

229 649 393 723 Φίλιστος
418 645 556 730 κατέστη
588 642 705 732 κύριος
731 647 799 710 τῶν
828 642 955 730 adarca)
987 645 1210 712 Macedoniam
1237 647 1384 730 proxime
1411 648 1530 715 incole—

225 754 314 818 bant.
364 752 441 836 Ipsa
468 753 555 818 enim
583 751 714 818 Larissa
742 756 775 818 et
801 753 924 818 liberae
951 751 1187 820 Hestiaeotidis
1219 754 1381 838 civitates,
1411 755 1531 838 quibus

224 862 386 942 praeerat,
419 859 523 924 adhuc
557 859 609 926 sui
639 860 719 924 iuris
752 843 823 926 esse
857 859 1006 925 dicuntur
1042 853 1151 944 (ἡμεῖς
1180 857 1242 944 μὲν
1269 849 1334 930 οὖν
1364 861 1531 946 δοκοῦμεν

227 960 299 1031 οὔτ’
339 959 435 1030 αὐτοὶ
472 964 596 1052 ῥᾳδίως
633 958 677 1030 ἂν
712 965 812 1031 τοῦτο
847 971 986 1049 παθεῖν,
1028 962 1142 1042 ἄλλοις
1177 990 1212 1032 τε
1249 964 1405 1052 ἐμποδών
1441 967 1531 1051 γενέ-

228 1077 319 1136 σθαι.
341 1095 369 1137 τ.
386 1096 413 1137 τ.
431 1071 474 1158 λ.)
1516 1133 1519 1138 .

316 1178 469 1244 Archelai
487 1182 598 1244 tamen
616 1177 847 1244 intercessione
865 1177 976 1243 firmus
996 1181 1029 1244 et
1042 1181 1196 1244 constans
1210 1179 1406 1263 reipublicae
1425 1185 1531 1248 status

225 1307 292 1349 non
315 1286 456 1370 effectus,
479 1286 579 1352 immo
604 1284 721 1350 seditio
744 1288 802 1350 aut
824 1307 934 1352 rursus
958 1288 1071 1350 exorta
1094 1288 1159 1370 est,
1181 1289 1238 1350 aut
1264 1286 1412 1352 imminet
1439 1286 1530 1374 (σολ-

224 1387 285 1468 reg
316 1389 450 1468 ἐλπίδας
482 1393 544 1475 ἔχει
577 1387 662 1476 μηδὲ
691 1389 882 1456 στασιάσειν
913 1384 1014 1477 ἡμᾶς)
1047 1394 1081 1456 et
1112 1393 1227 1457 civ-itas
1253 1393 1418 1460 militibus
1449 1417 1531 1460 mer-

229 1499 366 1563 cenariis
399 1499 522 1564 alendis
556 1519 633 1582 opes
667 1519 741 1562 suas
773 1497 943 1583 impendit.
994 1497 1084 1574 Quae
1112 1499 1221 1566 omnia
1249 1499 1403 1566 Archelai
1432 1503 1530 1567 malis
1635 1578 1637 1582 .

226 1605 351 1668 artibus
379 1605 462 1670 fiunt
490 1599 593 1691 (οὕτω
622 1600 683 1688 μὲν
711 1599 816 1670 αὐτὸν
842 1600 1028 1688 βούλεσθαι
1050 1605 1198 1688 πέφυκεν
1219 1601 1306 1690 ἡμᾶς
1329 1603 1530 1687 στασιάζειν·

225 1713 256 1775 εἰ
277 1705 309 1776 d'
334 1705 430 1799 αὐτῷι
448 1712 552 1778 ταῦτα
575 1709 749 1796 συμφέρει,
770 1709 827 1779 καὶ
847 1709 1012 1796 πράσσειν
1031 1717 1146 1780 οἴεσθε
1163 1707 1294 1799 αὐτόν),
1316 1713 1372 1796 qui
1394 1713 1427 1780 id
1452 1715 1530 1798 agit,

223 1823 262 1882 ut
288 1817 532 1884 Larissaecrum
563 1819 668 1885 socios
696 1823 729 1884 et
755 1822 861 1884 totam
890 1819 1147 1904 rempublicam
1171 1819 1341 1888 discordiis
1365 1821 1529 1887 intestinis

227 1926 403 1990 laceratam
427 1929 460 1990 et
483 1925 674 1990 exhaustam
696 1926 731 1990 in
754 1947 848 1990 suam
869 1925 1025 1990 ditionem
1048 1926 1185 2012 redigat.

311 2033 361 2098 Ea
378 2031 623 2098 Larissaeorum
642 2032 786 2098 conditio
813 2036 871 2111 est,
894 2055 968 2098 cum
987 2033 1028 2098 ad
1046 2033 1126 2098 belli
1145 2034 1333 2100 societatem
1357 2033 1530 2102 ineundam

224 2145 257 2204 et
270 2139 424 2204 Archelai
437 2139 619 2224 potentiam
633 2138 874 2223 infringendam
888 2161 908 2203 a
921 2139 1186 2207 Lacedaemoniis
1200 2143 1384 2224 evocantur,
1401 2141 1531 2224 quibus-

224 2269 304 2312 cum
320 2264 430 2312 omnes
455 2244 650 2311 Graecorum
673 2245 822 2312 civitates
846 2247 1035 2312 coniunctae
1059 2251 1143 2312 sunt

313 2352 490 2418 Archelaus
514 2355 636 2438 autem,
663 2375 847 2437 quanquam
871 2375 976 2438 neque
999 2376 1072 2418 cum
1094 2353 1350 2420 Atheniensibus
1373 2353 1531 2439 Pelopon·

167 2461 172 2465 ⁴
222 2461 323 2526 nesiis
351 2461 474 2525 bellum
500 2460 627 2544 intulit,
653 2481 757 2544 neque
784 2462 955 2545 pecuniam
982 2461 1050 2525 illis
1077 2460 1308 2545 suppeditavit,
1335 2481 1439 2546 neque
1468 2461 1530 2526 hos

190 2605 192 2608 -
224 2589 282 2650 per
309 2566 395 2631 fines·
418 2587 492 2632 suos
520 2567 583 2630 iter
610 2567 716 2632 faeere
742 2567 922 2651 prohibuit,
938 2566 1058 2632 *odium
1086 2571 1197 2632 tamen
1219 2567 1530 2651 Peloponnesiorum

223 2675 286 2740 sibi
305 2674 472 2758 conscivit,
495 2674 572 2759 quia
594 2695 666 2738 cum
684 2675 725 2740 iis
744 2675 779 2738 in
796 2675 1012 2740 Athenienses
1030 2673 1180 2738 invadere
1203 2674 1317 2758 noluit,
1341 2675 1398 2742 sed
1416 2675 1457 2742 ab
1477 2674 1530 2741 his

221 2779 314 2846 nulla
341 2781 460 2846 iniuria
487 2780 621 2849 affectus
648 2782 773 2847 neutris
801 2781 949 2866 partibus
976 2780 1099 2846 auxilia
1130 2779 1229 2844 misit.
1260 2770 1401 2846 'Postea
1433 2782 1530 2848 rebus

221 2886 473 2952 Atheniensium
504 2887 650 2972 afflictis,
682 2888 768 2973 quod
799 2887 960 2971 expressis
990 2887 1120 2972 quidem
1147 2886 1255 2952 verbis
1284 2887 1388 2952 oratio
1416 2892 1530 2978 nostra

220 3015 287 3059 non
310 2993 411 3079 addit,
444 3016 517 3058 cum
539 2993 733 3080 Archelaus,
764 2999 802 3060 ut
824 2995 1000 3078 procellam
1022 2993 1086 3060 sibi
1113 2993 1355 3078 impendentem
1379 2995 1530 3078 evitaret,

224 3099 422 3166 Graecorum
446 3101 636 3166 societatem
659 3123 764 3166 emere
788 3105 929 3186 cuperet,
952 3099 1099 3166 obtinere
1122 3121 1189 3166 non
1211 3100 1329 3184 potuit.

310 3205 433 3282 Quibus
456 3208 706 3272 necessitatibus
730 3208 838 3272 adacti
858 3205 1039 3272 Archelaus
1063 3210 1096 3272 et
1119 3207 1174 3290 qui
1193 3205 1436 3272 Larissaeorum
1459 3209 1528 3274 eius

221 3317 331 3398 partes
363 3313 582 3411 sequebantur
615 3313 809 3380 adversariis
842 3314 978 3380 iniuriae
1010 3313 1123 3379 illatae
1160 3313 1417 3380 satisfactionem
1454 3337 1529 3381 con

225 3423 393 3484 cesserunt
413 3414 511 3505 (ὥστε
528 3415 607 3496 τοὺς
629 3415 812 3504 ὑμετέρους
833 3415 978 3505 ἐχθροὺς
1001 3415 1138 3496 ἑκόντας
1159 3415 1241 3505 ὑμῖν
1266 3421 1363 3506 δίκην
1383 3421 1529 3509 δοῦναι),

220 3548 284 3610 qua
307 3528 416 3590 tamen
438 3528 587 3612 neglecta
607 3531 725 3612 orator,
749 3531 785 3591 ut
804 3525 999 3592 Graecorum
1021 3527 1211 3594 societatem
1234 3532 1414 3613 capessant,
1438 3529 1524 3594 cives

223 3653 298 3696 suos
330 3632 495 3716 hortatur,
528 3656 591 3718 quo
623 3633 753 3698 honesti
785 3633 966 3718 praeceptis
1004 3633 1221 3718 satisfaciant,
1253 3635 1399 3700 hostium
1431 3635 1528 3700 inter·

221 3739 382 3806 cessiones
416 3743 448 3804 et
480 3741 655 3806 seditiones
687 3740 897 3824 prohibeant,
930 3740 1067 3806 iniuriae
1098 3740 1209 3806 illatae
1240 3762 1361 3824 poenas
1392 3745 1530 3825 sumant,

222 3867 300 3928 opes
323 3850 356 3910 et
379 3847 610 3912 auctoritatem
632 3847 773 3933 firment,
796 3848 916 3912 bellum
940 3848 1075 3931 denique
1100 3847 1231 3932 evitent,
1257 3848 1342 3932 quod
1364 3869 1408 3912 ne
1430 3846 1533 3914 Gree-

220 3973 332 4018 corum
355 3953 545 4018 societatem
568 3953 796 4018 recusantibus
818 3954 1061 4020 Lacedaemonii
1088 3953 1243 4038 inferant,
1269 3954 1449 4020 timendum
1477 3955 1528 4021 sit.

309 4058 435 4143 Restat,
457 4063 495 4124 ut
513 4079 595 4144 quae
615 4059 653 4123 de
667 4058 995 4126 Lacedaemoniorum
1015 4059 1158 4126 consiliis
1177 4061 1282 4126 oratio
1300 4065 1415 4126 nostra
1433 4061 1529 4126 affert
1648 4095 1653 4104 ’

220 4165 400 4230 accuratius
424 4166 653 4231 examinemus.
688 4165 735 4231 Et
757 4165 879 4232 bellum
898 4166 1028 4250 quidem
1046 4165 1207 4233 Archelao
1225 4166 1430 4232 inferendum
1448 4189 1528 4232 non-

220 4271 297 4336 dum
311 4276 459 4336 exortum
473 4293 542 4337 esse
557 4275 700 4356 apparet
737 4270 1047 4356 Peloponnesiorum
1067 4273 1152 4338 enim
1171 4276 1205 4336 et
1217 4271 1370 4338 Archelai
1384 4273 1528 4338 rationes

219 4379 325 4462 ἔχθρα
348 4381 520 4463 vocantur,
543 4399 646 4462 neque
669 4377 707 4442 de
730 4379 827 4443 rebus
851 4378 964 4462 gestis,
987 4383 1045 4444 aut
1067 4383 1152 4444 certe
1175 4378 1253 4442 belli
1277 4378 1409 4462 gerendi
1431 4381 1528 4444 ratio·

218 4484 315 4550 nibus
347 4490 381 4550 et
412 4488 572 4569 apparatu
603 4485 778 4569 quidquam
808 4485 950 4570 auditur,
982 4507 1085 4569 neque
1117 4506 1193 4550 vero
1226 4485 1382 4550 auxilium
1415 4489 1529 4551 contra

219 4591 436 4657 Athenienses
472 4593 514 4657 ab
547 4591 709 4656 Archelao
746 4594 930 4656 recusatum
962 4589 1226 4658 Lacedaemoniis
1264 4613 1362 4656 causa
1392 4597 1455 4676 est,
1491 4597 1528 4658 ut
1560 4602 1564 4608 '
1668 4591 1674 4598 '

220 4697 343 4762 bellum
375 4698 532 4781 inferant,
564 4698 621 4763 sed
652 4703 690 4762 ut
721 4699 849 4766 hostem
882 4719 955 4764 eum
988 4696 1140 4763 iudicent.
1169 4731 1207 4744 -
1239 4695 1275 4762 si
1305 4697 1419 4765 deiude
1451 4721 1527 4766 vera

220 4804 549 4870 Lacedaemoniorum
576 4805 712 4872 consilia
739 4806 906 4889 explorare
934 4805 1095 4888 volumus,
1121 4805 1261 4870 oratoris
1289 4806 1392 4870 nostri
1417 4808 1450 4870 et
1473 4805 1526 4872 ad·
