3572 5472
825 285 1044 350 ..16-

275 447 307 512 b.
325 444 380 512 Gr.
398 443 447 512 IV
464 468 495 530 p.
516 442 582 532 13),
604 465 700 512 nemo
722 443 818 510 hodie
842 466 915 510 cum
933 443 1154 514 Demosthene
1172 444 1351 514 Aristidem
1375 448 1585 532 comparabit,

275 552 394 618 nedum
417 552 580 620 crationes
604 551 673 618 eius
697 557 854 636 genuinas
878 573 950 618 esse
971 554 1079 640 neget,
1102 574 1176 620 cum
1199 555 1435 640 exspectationi
1453 556 1495 621 ab
1513 555 1584 640 ipso

274 660 454 728 concitatae
477 681 545 726 non
567 658 792 744 respondeant

361 766 467 834 Immo
489 768 524 832 in
547 765 751 832 diiudicanda
769 767 957 850 quaestione
975 770 1089 836 nostra
1107 769 1271 836 recordari
1290 773 1419 855 oportet
1436 769 1582 854 linguam

274 873 409 940 alterius
437 874 557 940 saeculi
584 896 614 958 p.
639 871 713 940 thr.
736 894 781 960 n.,
813 896 877 960 quo
909 875 1047 942 florebat
1069 873 1230 957 Herodes,
1258 900 1386 962 epure
1417 876 1525 942 indole
1552 877 1584 940 et

274 979 436 1066 elegantia
454 979 641 1048 Atticorum
665 979 763 1066 longe
786 982 969 1066 recessisse,
991 985 1025 1048 et
1047 982 1277 1068 eloquentiam,
1300 983 1448 1068 quamvis
1470 982 1584 1048 florem

273 1085 464 1154 eruditionis
494 1090 528 1153 et
557 1087 739 1154 studiorum
768 1088 838 1154 eius
872 1087 988 1154 aetatis
1021 1087 1174 1154 altiorum
1207 1092 1304 1174 atque
1337 1091 1457 1156 artium
1490 1089 1584 1174 quasi

272 1197 480 1280 palaestram,
511 1197 621 1261 tamen
648 1195 687 1260 de
716 1193 834 1278 prioris
863 1195 1086 1279 praestantiae
1116 1194 1252 1282 fastigio
1279 1195 1445 1281 delapsam
1471 1195 1582 1262 fuisse.

272 1298 385 1386 Neque
414 1301 497 1366 illud
518 1300 845 1386 praetermittendum
867 1304 932 1386 est,
961 1300 1046 1386 quod
1069 1300 1220 1369 Kitmmel
1247 1304 1282 1368 in
1309 1303 1582 1370 commentatione

271 1430 331 1476 sua
353 1409 392 1474 de
419 1407 562 1494 Herode,
588 1405 680 1473 Neue
702 1406 816 1474 Jahrb.
839 1408 862 1474 f.
885 1407 1004 1474 Philol.
1026 1432 1057 1476 u.
1075 1407 1196 1495 Piidag.
1223 1410 1286 1476 102
1308 1433 1339 1496 p.
1357 1412 1415 1496 20,
1446 1410 1581 1494 monuit,

273 1515 356 1600 apud
384 1515 445 1582 hos
474 1518 619 1582 oratores
647 1537 687 1582 ex
713 1519 860 1601 tempore
888 1515 1031 1582 dicentes
1057 1516 1233 1600 plurimum
1260 1519 1403 1603 positum
1426 1517 1526 1584 fuisse
1548 1517 1583 1582 in

272 1621 410 1690 actionis
432 1623 465 1690 vi
488 1627 523 1688 et
544 1621 709 1706 praesenti
733 1621 861 1709 effectu,
884 1645 948 1709 qua
970 1622 1010 1688 de
1030 1645 1133 1690 causa
1152 1624 1193 1690 ad
1212 1626 1375 1694 orationes
1395 1624 1581 1692 scribendas

272 1733 306 1794 et
328 1729 520 1796 emittendas
544 1729 703 1794 minorem
726 1751 838 1794 curam
861 1729 1047 1796 contulisse.

360 1835 432 1912 Qua
455 1835 607 1920 opinione
631 1835 671 1901 de
693 1835 824 1921 linguae
847 1839 1018 1902 venustate
1045 1839 1079 1904 et
1100 1836 1226 1904 dicendi
1248 1838 1416 1924 facultate,
1437 1838 1471 1904 id
1495 1837 1580 1922 quod

270 1943 336 2010 iam
358 1939 589 2008 Westermann
617 1943 748 2008 monuit
773 1947 806 2008 et
828 1941 985 2010 Aristidis
1010 1945 1195 2030 exemplum
1217 1947 1401 2032 confirmat,
1427 1945 1582 2010 nimirum

271 2049 438 2133 sophistae
471 2071 598 2134 quoque
630 2046 772 2115 Herodis
808 2050 958 2135 aequales
991 2051 1181 2138 utebantur,
1217 2075 1355 2139 quorum
1391 2054 1510 2120 nimias
1542 2053 1581 2118 de

270 2155 410 2222 Herodis
434 2155 562 2222 dicendi
585 2155 743 2222 facultate
766 2156 877 2224 laudes
900 2157 1121 2226 Philostratus
1144 2159 1241 2226 nobis
1262 2161 1407 2228 tradidit.

325 2313 329 2325 ,
358 2263 448 2328 Idem
477 2263 681 2328 demonstrat
708 2262 969 2330 testimoniorum
997 2265 1128 2331 illorum
1155 2267 1314 2350 inspectio
1343 2267 1525 2333 accuratior
1548 2269 1580 2330 et

270 2371 487 2456 comparatio,
514 2391 596 2455 quae
625 2369 722 2436 simul
750 2369 911 2436 rationem
933 2360 1029 2437 nobis
1052 2373 1253 2458 suppeditat,
1280 2395 1344 2458 qua
1368 2373 1445 2458 quid
1468 2394 1579 2440 eorum

269 2477 305 2542 in
327 2478 479 2562 opinione
503 2477 687 2563 aequalium
710 2477 855 2563 positum
883 2481 940 2566 sit,
969 2485 1002 2546 et
1029 2481 1106 2566 quid
1133 2481 1239 2548 laudis
1267 2481 1302 2546 in
1329 2482 1468 2548 aliorum
1496 2502 1580 2546 corn·

270 2585 440 2668 paratione
463 2588 623 2670 versetur,
651 2584 832 2650 discernere
854 2586 1031 2672 possimus,
1059 2591 1093 2652 et
1119 2609 1228 2654 veram
1255 2610 1405 2655 normam
1428 2588 1469 2654 ad
1491 2590 1579 2652 recte

270 2690 520 2756 existimandam
543 2691 763 2776 eloquentiam
786 2690 926 2758 Herodis
950 2680 1177 2777 adipiscamur.

358 2793 442 2862 Sunt
465 2797 552 2863 enim
574 2797 835 2864 testimoniorum
859 2819 980 2884 genera
1001 2799 1080 2865 tria:

350 2901 376 2970 I.
398 2901 525 2972 Laudes
555 2903 777 2989 sophistarum
805 2905 891 2989 apud
917 2903 1166 2993 Philostratum‚
1194 2928 1276 2992 quae
1303 2907 1338 2972 in
1365 2907 1519 2991 opinione
1547 2911 1580 2972 et

402 3013 644 3098 comparatione
676 3011 860 3098 aequalium
892 3017 1076 3100 versantur,
1113 3013 1230 3099 quibus
1262 3013 1362 3080 Gellii
1395 3017 1428 3078 et
1460 3011 1576 3080 Suidse

400 3119 520 3186 iudicia
542 3119 709 3186 accedunt

334 3223 376 3290 Π.
398 3225 534 3292 Luciani
552 3227 714 3312 iudicium,
733 3226 818 3312 quod
837 3230 871 3292 et
888 3227 996 3313 ipsum
1015 3229 1050 3293 in
1069 3227 1222 3312 opinione
1240 3227 1385 3312 positum
1399 3230 1432 3292 et
1449 3227 1578 3313 singula

401 3355 468 3399 non
490 3337 651 3419 secutum,
679 3333 735 3400 sed
762 3334 797 3398 in
825 3335 1011 3402 universum
1034 3335 1200 3419 prolatum
1223 3356 1262 3400 ex
1284 3333 1464 3399 Rhetorum
1485 3355 1577 3420 prae·

400 3445 530 3524 cepure
553 3438 731 3528 (Ῥητόρων
753 3437 970 3530 διδάσκαλος)
994 3441 1180 3528 percipitur.
1221 3441 1315 3518 Quod
1344 3439 1475 3525 quidem
1499 3440 1578 3506 iudi·

402 3547 489 3614 cium
521 3547 740 3632 sophistarum
772 3570 846 3616 cum
877 3549 1028 3616 laudibus
1059 3571 1127 3614 non
1156 3549 1314 3616 convenit.
1368 3546 1462 3612 Licet
1490 3547 1577 3612 enim

403 3653 573 3740 Lucienus,
597 3655 684 3741 quod
706 3659 793 3720 recte
815 3659 926 3722 monet
947 3656 1098 3721 Kimmel
1121 3656 1142 3722 l.
1167 3678 1192 3721 c.
1214 3679 1246 3741 p.
1272 3655 1327 3740 18,
1351 3656 1479 3740 saepius
1503 3675 1577 3721 cum

400 3761 524 3828 honore
546 3761 686 3830 Herodis
710 3763 909 3829 mentionem
932 3761 1046 3847 faciat,
1074 3765 1107 3827 et
1122 3761 1260 3830 ‘etiamsi
1281 3762 1463 3828 Rhetorum
1486 3785 1577 3847 prae-

401 3871 515 3952 ceptor
547 3868 589 3934 ad
616 3866 780 3934 Herodem
806 3891 873 3935 non
900 3855 1044 3956 spectet,
1069 3873 1181 3936 tamen
1206 3889 1279 3936 eum
1305 3867 1445 3936 Herodis
1473 3873 1577 3936 artem

400 3997 467 4042 non
489 3975 602 4061 magni
624 3974 731 4041 facere
755 3980 899 4061 apparet.
1467 4053 1470 4058 ¹

316 4081 375 4149 ΠΙ.
397 4083 505 4168 Ipsius
528 4082 721 4150 Philostrati
749 4083 937 4168 descriptio,
965 4106 1048 4170 quae
1074 4085 1108 4150 in
1131 4081 1271 4150 Herodis
1298 4081 1425 4148 dicendi
1449 4083 1576 4148 ratione

369 4173 374 4178 ¹
400 4194 435 4254 et
456 4189 711 4274 proprietatibus
734 4193 890 4256 versatur.

356 4293 500 4371 Quorum
522 4293 622 4360 trium
645 4313 802 4379 generum
831 4295 971 4380 primum
1000 4300 1033 4360 et
1060 4295 1200 4364 alterum
1227 4296 1293 4362 iam
1316 4295 1402 4380 ideo,
1432 4295 1518 4380 quod
1541 4295 1575 4360 in

268 4402 421 4486 opinione
454 4405 488 4466 et
519 4401 657 4477 aliorum
686 4401 930 4486 comparatione
962 4402 1130 4486 positast
1162 4403 1199 4468 in
1226 4403 1413 4468 universum
1445 4401 1576 4487 prolata

267 4532 381 4576 causas
410 4513 444 4574 et
472 4509 616 4596 singrdas
644 4508 861 4594 proprietates
891 4531 958 4576 non
985 4507 1137 4595 afferunt,
1158 4530 1226 4575 non
1248 4508 1387 4573 multum
1410 4508 1520 4574 valent
1543 4511 1576 4572 et

267 4639 399 4703 prorsus
435 4615 558 4684 nullius
594 4617 752 4684 momenti
791 4620 880 4702 sunt,
917 4617 994 4700 quia
1025 4616 1110 4682 inter
1145 4637 1180 4682 se
1210 4619 1244 4680 et
1277 4637 1351 4682 cum
1383 4614 1575 4682 Philostrati

267 4724 456 4791 testimonio
479 4745 546 4790 non
564 4724 779 4792 consentiunt.
815 4721 905 4788 Inter
928 4745 963 4789 se
982 4745 1020 4789 ea
1037 4745 1103 4790 non
1128 4723 1311 4790 consentire
1334 4727 1480 4808 apparet,
1503 4743 1575 4788 cum

267 4831 384 4898 ceteris
413 4835 525 4916 aperte
552 4836 712 4917 repugnet
739 4829 875 4898 Luciani
903 4829 1071 4917 iudicium,
1103 4829 1190 4914 quod
1219 4839 1262 4896 ne
1290 4829 1394 4896 dicam
1431 4829 1576 4916 maioris,
