3572 5472
761 319 1042 436 ..am-⁵

804 572 961 687 'eaput
988 587 1042 664 Π.

274 744 353 811 Num
372 745 413 810 ab
426 745 548 812 Herode
566 763 602 812 re
620 762 700 812 vera
718 746 900 830 conscripta
918 746 963 812 sit
982 744 1087 812 oratio
1106 742 1192 828 Περὶ
1208 747 1386 822 Πολιτείας
1404 745 1582 828 quaeritur.

364 905 445 974 Cum
469 907 614 973 omnium
637 907 783 973 codicum
806 928 964 984 consensu
986 906 1065 970 haec
1088 908 1203 970 nostra
1225 907 1331 972 oratio
1355 905 1396 972 ad
1418 905 1583 972 Herodem

274 1013 441 1094 referatur,
464 1015 518 1080 vix
542 1014 690 1099 cuiquam
713 1013 876 1080 dubitatio
900 1016 991 1078 mota
1014 1015 1109 1096 esset,
1132 1011 1210 1096 quin
1233 1033 1268 1076 re
1290 1033 1368 1078 vora
1390 1013 1432 1078 ab
1453 1011 1582 1078 Herode

273 1125 359 1188 esset
376 1119 567 1206 composita,
586 1120 650 1184 nisi
670 1119 932 1204 splendidissima
950 1119 1125 1185 maximam
1145 1121 1273 1200 partem
1292 1119 1483 1184 testimonia
1499 1122 1583 1184 vete-

273 1251 345 1293 rum
361 1227 554 1311 scriptorum
572 1227 709 1290 nimiam
726 1227 821 1293 nobis
840 1227 1018 1293 movissent
1037 1225 1076 1290 de
1091 1223 1230 1289 Herodis
1247 1225 1280 1290 vi
1299 1229 1332 1289 et
1350 1225 1443 1310 copia
1457 1225 1582 1292 dicendi

274 1333 559 1420 exspectationem.
613 1333 665 1398 Ita
697 1334 781 1417 apud
808 1333 1046 1400 Philostratum
1075 1354 1106 1416 p.
1134 1331 1200 1396 564
1229 1353 1248 1396 a
1276 1329 1407 1397 Graecis
1435 1331 1581 1398 Herodes

262 1431 319 1518 εἷς
349 1441 417 1506 τῶν
451 1437 530 1505 δέκα
563 1439 761 1525 appellatur,
793 1463 812 1506 a
840 1441 997 1525 sophistis
1030 1437 1220 1524 aequalibus
1253 1437 1399 1504 Adriano
1432 1443 1465 1504 et
1496 1439 1581 1505 Rufo

271 1570 302 1631 p.
318 1547 383 1614 586
398 1551 431 1612 et
445 1547 509 1613 598
524 1541 681 1630 βασιλεὺς
698 1547 767 1612 τῶν
786 1543 897 1630 λόγων
917 1551 950 1612 et
959 1541 1130 1631 Ἑλλήνων
1143 1544 1281 1628 γλῶττα.
1316 1544 1356 1610 In
1370 1545 1582 1630 inscriptione

273 1653 413 1738 Triopas
436 1654 550 1719 deinde
573 1653 606 1720 Π
628 1677 658 1720 ν.
681 1654 733 1739 36,
757 1654 798 1719 37
825 1655 904 1720 haec
926 1655 1091 1740 leguntur:

415 1753 551 1826 Ἑλλάδι
575 1754 607 1824 δ’
633 1755 711 1826 οὔτε
732 1759 830 1844 γένος
852 1757 1101 1847 βασιλεύτερος,
1125 1755 1197 1826 οὔτ’
1224 1762 1272 1826 ἔτι
1295 1757 1416 1846 φωνήν

416 1861 585 1951 Ἡρόδεω·
609 1868 766 1951 γλῶσσαν
790 1865 830 1934 δέ
849 1867 888 1934 τέ
907 1893 965 1953 μιν
988 1866 1167 1933 καλέουσιν
1188 1861 1370 1951 Ἀθηνέων.
1464 1885 1468 1893 ’

360 1973 434 2058 Ipse
457 1973 677 2039 Philostratus
701 1997 731 2058 p.
755 1975 821 2040 564
845 1997 891 2060 sq.
913 1975 998 2040 hanc
1021 1975 1225 2060 eloquentiae
1246 1973 1416 2040 Herodeae
1441 1974 1582 2067 descrip-

273 2081 397 2145 tionem
419 2079 515 2144 nob'is
539 2079 688 2146 tradidit:
720 2074 740 2164 ή
771 2077 809 2146 δέ
831 2075 976 2168 ἁρμονία
997 2082 1059 2146 τοῦ
1082 2077 1187 2164 λόγου
1210 2081 1334 2158 ἱκανός
1355 2080 1580 2166 κεκολασμέυη

272 2184 329 2251 καὶ
361 2179 383 2270 ή
416 2184 566 2270 δεινότης
602 2180 800 2273 ὑφέρπουσα
837 2188 981 2273 μᾶλλον,
1016 2180 1037 2272 ή
1074 2187 1262 2274 ἐγκειμένη,
1298 2185 1417 2274 κρότος
1447 2211 1482 2254 τε
1516 2184 1580 2254 σὺν

271 2286 410 2380 ἀφελείᾳ
442 2289 498 2356 καὶ
528 2288 743 2387 κιτιόζοαητα
775 2289 844 2378 ήχώ
876 2293 932 2359 καί
964 2297 1095 2360 έυνοιαι
1125 2285 1194 2360 οἷαι
1222 2290 1267 2379 μή
1300 2291 1400 2384 ἑτέρην
1433 2293 1582 2380 ἐνθυμη-

271 2399 393 2482 θήναι,
425 2395 552 2482 κωμική
580 2422 615 2464 τε
647 2393 828 2482 εόγλωτνία
858 2395 919 2466 οὐκ
947 2399 1141 2483 έπέσακτος,
1170 2393 1242 2465 ἀλλ’
1272 2399 1308 2466 έκ
1338 2401 1405 2466 τῶν
1432 2396 1582 2488 πραγμά-

271 2526 355 2588 των,
386 2503 442 2570 καὶ
465 2499 549 2589 ήδὺς
572 2499 590 2570 ὁ
614 2501 715 2589 λόγος
740 2503 796 2570 καὶ
823 2503 1076 2592 πολυσχήματος
1102 2503 1158 2571 καὶ
1180 2500 1357 2592 εὐσχήμων
1384 2505 1440 2572 καί
1468 2507 1582 2592 σοφός

272 2607 491 2696 ἐξαλλάττων,
519 2607 557 2678 τὸ
580 2611 711 2698 πνεῦμά
733 2636 769 2678 τε
792 2608 833 2679 οό
857 2610 1026 2700 σφοδρόν,
1040 2664 1041 2667 ,
1055 2607 1140 2680 ἀλλὰ
1168 2619 1260 2680 λείου
1286 2611 1342 2680 καί
1364 2610 1581 2698 καθεστηκός,

270 2714 326 2782 καὶ
353 2712 374 2803 ή
408 2717 529 2784 ἐπίπαν
561 2716 634 2784 ίδέα
666 2720 726 2786 τοῦ
757 2716 862 2804 λόγου
894 2722 1019 2806 χρυσοῦ
1052 2720 1166 2810 ψήγμα
1203 2721 1340 2810 ποταμῷ
1373 2715 1581 2807 ἀργυροδίνῃ

270 2818 474 2909 ὑπαυγόζον.
523 2823 716 2913 προσέκειτο
744 2822 807 2910 μὲν
834 2821 898 2914 γὰρ
925 2829 1009 2892 πᾶσι
1035 2837 1106 2903 τοῖς
1128 2817 1297 2910 παλαιοῖς,
1324 2823 1581 2936 τψμτίμ

270 2929 327 2996 καὶ
353 2929 583 3018 προσετετήκει
610 2929 666 2997 καί
692 2929 887 3018 παρήγαγεν
913 2927 1018 3000 αὐτὸν
1046 2933 1080 3011 ές
1107 2929 1176 3018 ήθη
1194 2927 1366 3018 Ἑλλήνων
1394 2932 1476 3010 τέως
1502 2916 1580 3018 dp}-

271 3034 439 3124 λοόμενον
471 3037 527 3106 καλ
558 3035 818 3127 περιορώμενον.
854 3089 1038 3108 .........
1066 3035 1084 3106 ὁ
1116 3037 1153 3105 δὲ
1182 3035 1223 3106 τὰ
1255 3036 1428 3124 ξύμπαντα
1458 3035 1579 3125 ἄριστα

270 3144 341 3209 τόν
378 3146 550 3229 σοφιστῶν
588 3145 720 3212 διέθετο
755 3143 811 3212 καὶ
842 3149 880 3212 τὸ
912 3140 1102 3230 παθητικὸν
1135 3139 1198 3212 οὐκ
1233 3143 1269 3212 ἐκ
1300 3147 1359 3232 τής
1394 3148 1582 3235 τραγῳδίας

271 3245 396 3335 μόνον,
423 3245 507 3317 ἀλλὰ
535 3245 598 3318 κάκ
625 3253 693 3318 τεόν
716 3247 946 3339 ἀνθρωπίνων
970 3251 1177 3332 συνελέξατο.
1223 3253 1390 3320 Habemus
1413 3257 1582 3339 praeterea

272 3353 390 3423 Suidae
417 3359 641 3425 testimonium
668 3382 692 3424 s.
715 3382 744 3424 v.
766 3359 927 3426 Herodes:
961 3362 1106 3447 ἔγραψεν
1133 3358 1351 3448 ἐφημερίδας,
1380 3357 1581 3446 σύγγραμμα

271 3463 479 3549 πολυμαθίς,
503 3463 558 3530 καί
582 3461 756 3544 έπιστολοὶς
777 3464 834 3532 καὶ
856 3463 980 3551 λόγους
1002 3461 1252 3552 αὐτοσχεδίους·
1290 3467 1450 3555 φέρονται
1469 3465 1580 3533 δὲκαὶ

271 3566 356 3636 όίλλα
378 3576 531 3655 πλείστα,
558 3571 595 3638 έν
624 3565 674 3649 οἷς
700 3567 738 3637 τὸ
767 3570 974 3657 μεγαλοφυὲς
1000 3571 1056 3640 καί
1081 3568 1227 3653 ὕψιστον
1248 3575 1350 3640 τοῦδε
1372 3574 1434 3640 τοῦ
1456 3569 1582 3656 ἀνδρός

271 3684 448 3765 θεωρεῖται
470 3675 526 3744 καί
549 3679 759 3744 κατανοεῐται
783 3677 839 3744 καί
861 3681 1125 3746 καταδείκνυται.
1148 3717 1191 3728 -
1210 3681 1308 3766 Apud
1331 3681 1472 3748 Gellium
1495 3679 1581 3746 deni·

274 3807 336 3870 que
359 3786 441 3852 haec
464 3789 552 3852 sunt:
580 3783 622 3851 N.
645 3786 683 3850 A.
706 3784 723 3850 Ι
745 3785 780 3850 2:
813 3785 958 3853 Herodes
982 3786 1127 3871 Atticus,
1154 3787 1204 3852 vir
1227 3791 1261 3852 et
1283 3787 1408 3854 Graeca
1429 3787 1582 3853 facundia

273 3895 307 3956 et
339 3892 500 3958 consulari
532 3891 655 3958 honore
682 3892 858 3978 praeditus.
901 3892 983 3958 Ibid.
1009 3891 1057 3958 IX
1085 3893 1120 3958 2:
1152 3892 1204 3959 Ad
1234 3893 1398 3970 Herodem
1425 3896 1582 3979 Atticum,

272 3999 475 4064 consularem
502 3999 621 4083 virum,
649 3999 842 4086 ingenioque
870 4021 1006 4066 amoeno
1035 4004 1068 4066 et
1091 3997 1216 4066 Graeca
1237 4000 1390 4066 facundia
1413 4001 1581 4086 celebrem,

273 4105 353 4170 adiit
376 4106 531 4190 palliatus
555 4107 726 4191 quispiam.
771 4106 852 4171 Ibid.
874 4105 953 4172 XIX
980 4109 1034 4173 12:
1063 4105 1226 4172 Herodem
1248 4106 1409 4194 Atticum,
1433 4108 1580 4174 consula·

271 4235 341 4278 rem
364 4212 483 4296 virum,
505 4209 643 4277 Athenis
667 4213 880 4278 disserentem
904 4212 1012 4278 audivi
1035 4211 1160 4278 Graeca
1182 4213 1343 4298 oratione,
1367 4214 1402 4278 in
1426 4235 1490 4298 qua
1512 4213 1580 4278 fere

272 4320 378 4384 omnis
402 4318 577 4384 memoriae
600 4321 731 4384 nostrae
754 4319 920 4385 universos
944 4319 1108 4404 gravitate
1132 4323 1228 4406 atque
1251 4319 1345 4406 copia
1365 4323 1399 4384 et
1417 4319 1582 4406 elegantia

272 4439 390 4492 vocum
412 4426 510 4511 longe
532 4425 708 4509 praestitit.

362 4532 444 4599 (lum
483 4533 551 4599 sine
584 4533 788 4598 dubitatione
820 4531 872 4598 his
903 4533 1101 4600 testimoniis
1134 4533 1316 4599 orationem
1348 4532 1408 4598 sub
1440 4532 1580 4598 Herodis

134 4664 136 4668 ’
272 4642 402 4706 nomine
430 4640 534 4707 adhuc
561 4639 716 4722 traditam
743 4639 950 4726 metirentur,
975 4641 1085 4724 plures
1113 4640 1175 4706 riri
1198 4639 1285 4706 docti
1309 4659 1381 4704 earn
1403 4639 1580 4724 genuinum

272 4747 412 4814 Herodis
439 4748 563 4833 ingenii
591 4753 836 4814 monumentum
859 4769 929 4812 esse
951 4751 1155 4834 negaverunt
1178 4752 1210 4814 et
1233 4747 1428 4832 orationem,
1451 4745 1580 4812 Herode

273 4855 450 4940 indignam,
474 4875 553 4938 opus
574 4855 741 4938 sophistae
760 4854 913 4938 anonymi
933 4875 1012 4938 esse,
1031 4853 1172 4920 Herodis
1193 4875 1312 4920 nomen
1331 4853 1489 4937 ementiti,
1506 4874 1579 4918 con-
