3572 5472
812 289 1028 356 ..25-

266 451 484 516 imitationem
519 448 658 516 formam
696 453 824 515 tantum
862 450 988 516 dicendi
1021 453 1167 535 spectare
1200 453 1233 516 et
1263 449 1457 516 Philostrati
1484 449 1573 516 'illud

265 552 478 641 κριτιᾶζουσα
496 549 576 640 ἠχώ
600 559 633 621 et
656 579 695 620 ea
717 577 768 620 rea
788 556 891 640 docet,
910 556 1001 641 *quod
1023 556 1091 622 eius
1116 557 1341 623 testimonium
1360 557 1483 622 formae
1501 556 1573 622 dili-

267 667 408 748 gentem,
431 663 666 729 sententiarum
688 664 810 728 nullam
833 663 900 728 iere
923 663 1083 728 rationem
1107 663 1214 730 habet.

355 769 437 835 (lum
456 773 565 837 autem
585 770 751 856 sophistae
768 769 906 835 Herodis
926 772 1075 855 aequales
1095 792 1171 836 suae
1191 773 1424 838 sententiarum
1443 772 1573 857 inopiae

270 880 461 941 ornamenta
484 899 501 940 e
524 877 705 961 longinquo
725 877 880 943 arcessita
898 880 931 942 et
948 899 1075 962 pannos
1095 879 1188 962 quasi
1207 900 1386 962 purpureos
1405 879 1573 962 inicerent,

266 982 325 1046 illa
342 981 394 1046 his
414 981 565 1066 opposita
584 984 757 1067 conspicua
776 983 882 1069 magis
902 989 935 1048 et
951 983 1091 1070 insignis
1110 985 1210 1050 fiebat
1227 987 1261 1048 et
1278 983 1401 1053 formae
1420 985 1572 1051 colendae

267 1087 410 1154 studium
433 1088 467 1153 in
490 1088 630 1172 ineptias
653 1089 793 1154 insulsas
816 1089 1062 1174 depravabatur.

356 1193 445 1271 Quae
475 1217 548 1260 cum
576 1195 623 1260 ita
646 1196 725 1279 sint,
753 1199 786 1260 et
812 1217 886 1261 cum
914 1196 979 1262 alia
1005 1195 1146 1262 Herodis
1174 1219 1274 1282 opera
1300 1219 1398 1282 prosa
1425 1200 1571 1266 oratione
1698 1251 1699 1256 ,

266 1303 447 1386 composita
469 1323 535 1367 non
558 1305 697 1386 exstent,
727 1303 919 1387 quibuscum
944 1303 1126 1370 orationem
1147 1307 1294 1370 nostram
1319 1327 1507 1390 comparare
1530 1311 1572 1390 et,

265 1431 344 1475 num
372 1409 514 1494 genuina
543 1409 601 1489 sit,
630 1408 805 1476 diiudicare
832 1410 1008 1496 possimus,
1036 1411 1123 1475 ultra
1146 1410 1388 1477 Westermanni
1418 1413 1572 1478 iudicium

265 1515 417 1602 progredi
446 1518 479 1580 et
507 1515 699 1582 contendere
727 1515 852 1596 licebit,
879 1539 953 1581 cum
981 1516 1043 1581 hec
1069 1519 1183 1582 nostra
1211 1517 1398 1602 quaestione
1427 1518 1572 1584 codicum

267 1623 444 1688 auotoritas
471 1621 664 1688 confirmata
691 1622 747 1708 sit,
779 1623 959 1688 orationem
987 1627 1134 1690 nostram
1162 1624 1337 1709 genuinam
1366 1628 1399 1689 ct
1429 1646 1464 1691 re
1497 1647 1572 1691 vcra

269 1729 309 1793 ab
333 1727 463 1794 Herode
486 1729 700 1813 compositam
723 1751 793 1795 esse
816 1729 929 1815 negari
952 1752 1018 1795 non
1040 1751 1145 1814 posse.

356 1836 426 1913 Quo
459 1836 577 1902 iudicio
610 1837 708 1904 simul
739 1837 835 1902 huius
868 1837 984 1902 aetatis
1018 1837 1236 1922 eloquentiae,
1272 1859 1355 1922 quae
1388 1837 1571 1922 aequalium

141 1938 143 1942 ’
268 1965 395 2008 summa
423 1943 516 2009 lauda
544 1943 739 2028 celebratur,
765 1943 885 2010 rectius
913 1943 1146 2010 existimandae
1172 1965 1320 2010 normam
1347 1945 1572 2010 nanciscimur.

814 2175 1027 2186 annom——

790 2370 942 2470 oopus
968 2367 1078 2448 111.
1160 2325 1164 2329 ’

698 2529 928 2612 Argumentum
951 2527 1143 2614 explicatur.

356 2687 596 2754 Sententiarum
624 2711 708 2754 nexu
741 2688 903 2754 rhetorica
934 2710 973 2753 ex
1005 2689 1131 2754 ratione
1163 2688 1229 2755 iam
1263 2688 1455 2755 adumbrato
1487 2711 1573 2754 nunc

262 2795 424 2860 orationis
452 2797 584 2862 nostrae
615 2817 714 2860 causa
744 2799 777 2860 et
804 2799 1032 2880 argumentum
1056 2795 1238 2861 accuratius
1263 2795 1486 2880 explicandum
1514 2798 1572 2860 est.

266 2901 404 2987 quenis,
426 2923 522 2986 quem
545 2901 704 2966 dicentem
730 2901 811 2968 facit
828 2901 984 2986 Herodes,
1007 2901 1334 2968 Lacedaemoniorum
1354 2903 1452 2967 rebus
1475 2901 1573 2986 favet,
1685 2899 1691 2910 ’

267 3007 296 3072 ei
316 3007 441 3074 scilicet
459 3007 657 3091 reipublicae
676 3007 806 3091 rationi,
829 3007 863 3072 in
883 3031 946 3092 qua
964 3029 1063 3092 penes
1082 3009 1257 3094 optimates
1277 3031 1405 3074 summa
1420 3011 1470 3073 est
1483 3011 1571 3091 pote-

268 3117 345 3180 stas.
387 3112 468 3180 (lum
492 3114 578 3178 enim
602 3115 643 3180 ab
667 3115 860 3180 adversariis
884 3118 1069 3199 opponatur
1091 3136 1268 3199 paucorum
1291 3115 1412 3200 ubique
1435 3114 1572 3198 imperia

268 3221 440 3287 instituere
459 3221 732 3286 Lacedaemonios
756 3227 789 3287 et
811 3221 991 3286 timendum
1011 3243 1090 3306 esse,
1108 3243 1148 3286 ne
1169 3221 1325 3286 socictate
1339 3220 1428 3287 facta
1441 3221 1571 3306 imperii

266 3327 451 3412 proferendi
483 3327 589 3394 studio
618 3328 773 3394 commoti
806 3327 911 3394 socios
938 3328 1093 3412 subigant
1120 3331 1153 3392 et
1181 3328 1215 3391 in
1243 3327 1388 3411 ipsorum
1416 3327 1572 3394 ditionem

268 3435 432 3520 redigant,
456 3434 571 3500 abhis
596 3433 833 3517 suspicionibus
862 3434 960 3500 variis
985 3433 1139 3519 exemplis
1164 3433 1271 3499 allatis
1295 3454 1350 3500 eos
1375 3433 1516 3500 defendit
1540 3438 1573 3499 et

269 3541 430 3606 fautorem
460 3563 494 3606 se
519 3563 588 3606 esse
612 3543 724 3626 aperte
747 3540 868 3606 fatetur
893 3539 961 3606 eius
989 3540 1209 3624 reipublicae
1232 3541 1377 3631 ratipnis,
1402 3539 1453 3604 cui
1475 3539 1571 3606 Lace-

268 3647 430 3713 daemonii
458 3648 623 3733 studeant,
651 3647 686 3712 in
714 3669 778 3732 qua
804 3647 903 3714 tertia
931 3647 1050 3712 civium
1079 3669 1155 3730 pars
1184 3663 1347 3712 armorum
1375 3647 1494 3730 peritia
1521 3647 1572 3711 vel

268 3754 333 3819 alia'
362 3753 518 3820 facultate
549 3757 721 3840 praestans
750 3754 797 3818 rei
829 3753 978 3838 publicae
1011 3753 1285 3842 administrandae
1321 3753 1364 3818 sit
1398 3753 1570 3838 particeps.

269 3860 359 3938 Quae
382 3882 454 3926 cum
477 3861 525 3926 ita
548 3860 622 3945 sint,
645 3881 713 3925 non
736 3859 923 3944 errabimus,
947 3860 975 3925 si
998 3860 1210 3944 optimatibus
1235 3863 1397 3925 oratorem
1424 3864 1572 3925 nostrum

268 3965 560 4032 annumerabimus.
606 3965 740 4032 Civibus
759 3967 860 4052 igitur
884 3966 950 4032 suis
973 3965 1166 4051 persuadere
1188 3967 1306 4050 studet,
1327 3969 1365 4032 ut
1382 3967 1572 4033 societatem

268 4097 287 4138 a
306 4073 570 4139 Lacedaemoniis
594 4072 739 4138 oblatam
763 4077 944 4158 capessant,
968 4077 1001 4139 et
1024 4073 1065 4138 ab
1088 4072 1129 4138 iia
1149 4073 1253 4138 adiuti
1271 4072 1444 4156 Archelao,
1467 4071 1571 4138 Mace·

181 4199 183 4204 ’
267 4180 388 4246 donum
413 4180 492 4266 regi,
516 4180 639 4245 bellum
662 4180 812 4246 inferant.
858 4179 997 4256 Quinam
1026 4183 1135 4244 autem
1158 4179 1225 4244 sint
1247 4179 1333 4245 cives
1357 4181 1390 4244 et
1413 4201 1572 4264 quaenam

268 4287 397 4372 civitas,
432 4309 505 4352 oum
536 4285 729 4352 nominatim
762 4288 884 4354 dictum
917 4309 983 4354 non
1010 4287 1074 4371 sit,
1093 4308 1131 4351 ex
1162 4285 1347 4370 argumenti
1379 4285 1507 4350 indiciis
1541 4288 1574 4350 et

271 4391 545 4478 descriptionibus
564 4392 780 4478 colligendum
804 4398 862 4460 est.
894 4394 939 4460 nt
956 4390 1116 4459 Centoras
1136 4392 1265 4477 quidem
1284 4391 1426 4459 orationi
1444 4395 1572 4458 nostrae

269 4504 497 4588 argumentum
529 4500 740 4584 praescripsit
775 4501 849 4566 boo:
887 4499 969 4566 Oum
1002 4498 1248 4565 Lacedaemonii
1280 4502 1322 4564 et·
1344 4497 1572 4582 Peloponnesii

267 4607 391 4672 bellum
424 4628 496 4672 cum
528 4605 703 4686 Archelao,
736 4604 943 4672 Macedoniae
975 4625 1065 4690 rege,
1096 4607 1247 4690 gererent
1279 4606 1312 4668 et
1344 4601 1571 4675 Thebanorum

270 4713 460 4780 societatem
488 4715 687 4798 expeterent,
713 4712 774 4778 hos
804 4711 846 4777 ad
873 4733 944 4776 eam
972 4711 1203 4796 capessendam
1230 4709 1413 4774 hortatur.⁴
1438 4708 1572 4774 Putavit

268 4819 371 4907 igitur
393 4843 422 4888 u.
446 4820 476 4886 d.
499 4817 629 4885 Thebas
653 4818 820 4885 civitatem
848 4839 932 4902 csse,
961 4817 999 4882 de
1027 4839 1091 4902 qua
1114 4819 1244 4903 agatur,
1273 4818 1307 4880 et
1334 4815 1418 4882 hanc
1446 4818 1571 4881 senten·
