3572 5472
810 275 1025 338 „44-

260 435 454 501 trionalibus
477 457 549 499 cum
574 433 823 500 Atheniensium
846 435 1027 518 potentiam
1051 437 1208 518 evertere,
1234 437 1303 498 tum
1327 435 1470 520 ipsorum
1494 459 1566 502 con-

262 542 397 606 stituere
420 542 562 608 voluisse
586 545 620 606 et
642 541 790 606 Pharsali
813 544 900 606 certe
923 541 1068 607 fautores
1091 541 1157 606 iam
1180 541 1335 608 habuisse
1357 543 1568 610 demonstrat.

350 648 555 734 Thucydides
584 648 720 734 denique
747 647 849 712 tradit
877 645 1018 732 Agidem
1048 647 1153 712 hieme
1182 648 1257 713 anni
1285 648 1403 733 413s12
1430 649 1569 715 Decelea

262 755 499 840 expeditionem
535 755 575 819 ad
608 754 713 820 sinum
747 753 923 820 Maliacum
958 754 1072 820 fecisse
1110 758 1144 820 et
1175 755 1216 820 ab
1249 755 1394 839 Oetaeis,
1429 755 1568 822 Achaeis

262 859 442 946 Phthiotis,
470 863 586 928 ceteris
615 861 766 946 gentibus
796 862 884 927 illius
913 862 1057 948 regionis
1080 861 1313 927 Thessalorum
1335 863 1472 947 imperio
1495 865 1569 928 sub-

261 966 354 1032 iectis
382 969 534 1052 pecunias
564 968 756 1053 obsidesque
784 968 896 1034 invitis
920 968 1086 1034 Thessalis
1116 969 1262 1053 exegisse
1293 972 1326 1034 et
1349 970 1389 1034 ad
1412 969 1568 1036 Lacedae·

263 1074 446 1140 moniorum
472 1079 583 1160 partes
612 1097 666 1140 eos
693 1075 863 1140 traducere
891 1080 1042 1142 conatum
1067 1097 1147 1140 esse.
1193 1075 1285 1152 Quod
1309 1079 1419 1142 tamen
1442 1077 1570 1142 irritum

262 1181 364 1246 luisse
383 1185 416 1246 et
434 1181 633 1266 Thucydidis
651 1181 746 1246 illud:
774 1183 808 1257 ἔς
829 1205 864 1248 ca
887 1177 949 1266 τὴν
973 1180 1160 1267 ξυμμαχίαν
1184 1181 1365 1266 ἐπειρᾶτο
1389 1179 1569 1268 προσάγειν

263 1291 297 1351 01
324 1287 550 1374 Xenophontis
578 1287 802 1354 testimonium
829 1289 1041 1372 comprobare
1069 1288 1210 1372 videtur,
1240 1289 1296 1373 qui
1323 1289 1409 1355 Hell.
1435 1289 1504 1370 Ι2,
1529 1293 1569 1356 18

261 1395 362 1460 tradit
386 1417 470 1461 anno
494 1393 590 1478 410s9
613 1393 898 1478 Heracleotesab
918 1395 1056 1460 Achaeis
1080 1395 1114 1460 in
1137 1395 1209 1479 ipsa
1232 1396 1300 1460 acie
1323 1397 1506 1481 destitutos,
1528 1397 1569 1462 ab

262 1502 391 1570 Oetaeis
415 1504 520 1569 110100
543 1507 577 1570 01
598 1503 798 1587 praefectum
822 1525 842 1566 a
865 1501 1130 1567 Lacedaemoniis
1154 1501 1289 1566 missum
1313 1523 1386 1566 cum
1409 1503 1569 1569 militibus

265 1596 481 1696 septingentis
505 1609 647 1676 occisum
670 1631 748 1674 0010.

353 1716 424 1782 Iam
447 1715 703 1782 demonstratum
732 1719 783 1780 est
804 1714 1077 1781 Lacedaemonios
1104 1715 1145 1779 ab
1168 1715 1264 1780 initio
1287 1715 1354 1780 tere
1378 1717 1456 1780 belli
1479 1715 1570 1782 Pelo÷

262 1823 451 1906 pennesiaci
481 1823 515 1886 id
545 1823 664 1906 egisse,
697 1827 734 1888 ut
762 1823 797 1886 in
826 1822 1015 1908 regionibus
1046 1821 1354 1906 septentrionalibus
1383 1824 1572 1888 auctoritati

263 1951 341 1994 suae
363 1930 471 1995 locum
493 1929 650 2013 facerent,
679 1931 712 1993 et
738 1928 820 1992 haec
848 1928 984 1994 00111110
1006 1950 1108 2012 usque
1131 1929 1171 1994 ad
1194 1929 1310 2014 Agidis
1333 1929 1571 2013 expeditionem

262 2036 425 2119 prosecuti
449 2057 567 2102 sumus.
612 2034 690 2100 Lide
713 2057 790 2101 vero
814 2057 915 2120 usque
938 2034 980 2099 ad
1004 2055 1123 2100 annum
1146 2035 1212 2100 400
1235 2035 1274 2099 de
1297 2034 1349 2100 his
1371 2035 1468 2100 rebus
1486 2035 1569 2100 nihil

262 2141 421 2207 traditum
449 2145 508 2208 est.
559 2141 631 2206 Hoc
658 2142 745 2206 enim
773 2163 857 2206 anno
882 2135 1029 2226 (Diodor.
1053 2139 1136 2220 XIV·
1157 2139 1215 2228 38)
1242 2140 1502 2226 Lacedaemonii,
1533 2145 1571 2206 ut

263 2247 435 2332 imperium
464 2271 557 2313 suum
580 2247 756 2314 Heracleae
784 2247 1025 2332 confirmarent,
1052 2245 1233 2332 Herippida
1260 2247 1339 2314 duce
1369 2248 1569 2314 adversarios

264 2354 338 2418 dolo
367 2358 481 2438 captos
509 2355 754 2420 trucidaverunt
782 2358 814 2420 et
838 2353 976 2420 Oetaeos
1004 2353 1199 2418 rebellantes
1228 2355 1262 2420 in
1289 2355 1490 2420 Thessaliam
1518 2377 1570 2419 ex-

262 2461 423 2544 pulerunt
460 2463 556 2527 Anno
571 2460 684 2526 deinde
699 2461 764 2526 395
777 2460 1049 2526 Lacedaemonios
1069 2481 1141 2524 cum
1156 2459 1378 2544 Lycophrone,
1392 2461 1570 2526 Pherarum

262 2571 412 2653 tyranno,
430 2569 619 2634 coniunctos
637 2568 819 2635 invenimus
833 2567 980 2664 (Diodqr.
994 2565 1073 2630 XIV
1089 2563 1155 2652 82).
1192 2566 1284 2632 Bello
1299 2567 1385 2631 enim
1400 2565 1569 2632 Corinthio

263 2679 376 2740 exorto
412 2675 539 2742 Medius
575 2674 780 2758 Larissaeus,
815 2673 1037 2758 Lycophronis
1074 2673 1193 2756 hostis,
1231 2673 1272 2738 ab
1306 2673 1570 2758 Atheniensibus,

256 2781 441 2866 Thebanis,
473 2781 667 2866 Corinthiis,
700 2780 832 2866 Argivis
865 2779 993 2844 adiutus
1026 2778 1220 2844 Pharsalum
1250 2803 1270 2844 a
1300 2779 1571 2864 Lacedaemoniis,

262 2889 371 2953 nescio
400 2911 441 2952 an
465 2888 688 2974 Lycophronis
717 2888 850 2971 auxilio,
879 2890 1070 2970 occupatam
1098 2887 1296 2972 expugnavit
1323 2891 1356 2952 et
1383 2887 1570 2968 Pharsalios

262 2993 489 3080 Lycophronis
508 2995 662 3062 nimirum
685 2996 782 3060 rebus
805 2995 952 3060 faventes
972 2993 1037 3078 ,sub
1064 3001 1186 3057 corona
1206 2993 1360 3058 vendidit.
1396 2993 1570 3078 Agesilaus

265 3103 401 3188 denique
425 3125 464 3167 ex
486 3103 566 3168 Asia
589 3101 689 3168 redux
712 3105 842 3166 auctore
866 3099 1084 3184 Xenophonte
1108 3097 1207 3185 (Hell.
1226 3099 1274 3164 IV
1293 3101 1324 3185 3,
1343 3100 1435 3185 3sq.)
1460 3122 1570 3165 omnes

263 3208 438 3274 Thessalos
462 3209 604 3292 exceptis
627 3203 703 3273 ὅσοι
727 3203 839 3274 αὐτῶν
863 3202 1013 3292 φυγάδες
1035 3199 1104 3270 τότ’
1131 3201 1330 3290 ἐτύγχανον,
1358 3207 1571 3292 Lycophrone

265 3316 390 3380 scilicet
413 3319 446 3380 et
469 3316 537 3381 eius
560 3315 759 3398 fautoribus,
783 3315 847 3378 sibi
869 3314 1006 3378 infestos
1029 3312 1153 3377 habuit.
1199 3311 1268 3388 Quo
1293 3317 1401 3379 autem
1423 3321 1570 3400 tempore

263 3421 510 3488 Lacedaemonii
537 3423 726 3488 societatem
755 3443 828 3486 cum
855 3425 993 3504 tyranno
1017 3420 1058 3484 ab
1082 3419 1262 3484 rationibus
1285 3421 1431 3504 ipsorum
1455 3419 1570 3484 abhor—

264 3532 389 3594 rentem
412 3529 553 3614 inierint,
575 3551 692 3613 parum
716 3531 853 3594 constat
898 3527 948 3594 Eo
971 3531 1083 3592 tamen
1106 3530 1261 3611 tempore,
1286 3549 1360 3592 cunr
1383 3526 1570 3612 Aristippus

266 3659 285 3699 a
308 3633 394 3718 Cyro
418 3635 546 3702 Minore
569 3635 691 3700 auxilia
713 3637 886 3719 expeteret,
910 3635 975 3719 ipsi
993 3633 1123 3698 Oetaeis
1146 3633 1182 3696 in
1200 3631 1403 3698 Thessaliam
1428 3633 1570 3717 expulsis

264 3741 495 3808 Thessalorum
527 3743 610 3806 iram
644 3741 706 3806 sibi
738 3741 985 3825 consciscerent,
1022 3738 1296 3804 Lacedaemonios
1330 3739 1505 3824 optimates
1538 3742 1572 3803 et

263 3849 417 3933 populum
451 3848 684 3914 Thessalorum
720 3848 787 3912 iarn
819 3847 972 3912 habuisse
1005 3845 1131 3929 hostes,
1167 3842 1413 3930 Lycophronem
1446 3846 1570 3910 socium

266 3955 441 4021 verisimile
465 3959 523 4021 est.

355 4061 552 4148 Quocunque
575 4083 651 4126 vero
676 4059 771 4127 modo
795 4061 875 4126 haec
897 4082 948 4125 res
973 4081 1006 4125 se
1029 4059 1142 4144 habet,
1168 4081 1270 4144 usque
1298 4059 1337 4123 ad
1363 4081 1483 4124 annum
1505 4059 1570 4126 413

265 4169 536 4234 Lacedaemonios
573 4191 646 4234 cum
684 4167 897 4252 optimatibus
929 4167 1094 4234 Thessalis
1131 4166 1294 4231 interdum
1331 4166 1570 4232 coniunctiones

264 4275 431 4360 habuisse,
459 4297 624 4360 nunquam
648 4296 724 4339 vero
748 4275 788 4340 iis
811 4274 935 4340 bellum
959 4273 1045 4338 11110
1068 4272 1233 4355 111111000,
1261 4294 1345 4336 0110
1371 4276 1484 4338 contra
1505 4273 1571 4338 395

268 4381 526 4470 Lycophronem,
549 4381 756 4466 optimatium
774 4381 911 4466 hostem,
934 4379 1093 4446 adiuvisse
1112 4383 1250 4463 constat,
1273 4401 1380 4444 rerum
1403 4379 1489 4443 inter
1511 4377 1570 4442 hos

265 4512 366 4555 annos
390 4493 556 4574 gestarum
580 4489 737 4554 memoria
760 4488 845 4572 apud
868 4509 976 4552 rerum
1000 4491 1165 4572 gestarum
1189 4486 1365 4570 scriptores
1389 4485 1504 4550 deficit.

355 4596 460 4672 Quam
492 4595 620 4680 quidem
652 4597 802 4660 lacunam
830 4593 924 4659 Plass
956 4615 1021 4659 non
1051 4593 1288 4659 inconsiderate
1317 4593 1351 4657 in
1380 4593 1466 4658 libro
1498 4614 1571 4658 suo:

265 4701 328 4768 Die
343 4702 504 4787 Tyrannis
523 4702 558 4766 in
576 4701 670 4766 ihren
688 4702 804 4766 beiden
818 4701 975 4766 Pcrioden
994 4701 1047 4766 bei
1066 4701 1127 4765 den
1146 4701 1234 4766 alten
1253 4697 1577 4783 (111001101ΙΙο.36,Δ

266 4809 314 4875 110
337 4809 487 4896 explevit,
510 4811 546 4874 ut
569 4806 848 4892 Lacedaemonios,
872 4807 1062 4892 priusquam
1085 4827 1158 4871 cum
1181 4810 1320 4891 tyranno
1344 4827 1414 4870 sese
1437 4804 1569 4872 coniun-
