3572 5472
767 281 988 344 ..41-

221 429 306 516 ἆλλὰ
334 435 530 522 πρεσβεύων
553 434 618 523 γὰρ
641 437 673 515 ἐς
699 435 879 523 Φάρσαλον
901 433 1009 528 ᾤχετ’,
1038 432 1096 504 εἰτ’
1123 437 1191 504 ἐκεῖ
1217 477 1256 488 -
1288 437 1392 526 μόνος
1414 437 1532 525 μόνοις

222 581 350 610 ...-
373 555 443 622 τοῖς
465 545 656 612 aaronem
680 545 784 629 ξυνῆν
807 555 876 622 τοῖς
896 583 934 592 -
956 545 1142 629 Θετταλῶν,
1164 569 1192 612 ιι
1211 571 1238 612 τ.
1257 552 1285 612 λ.
1308 548 1346 612 cf,
1366 547 1531 634 Aristoph.

221 651 334 718 Nubes
362 675 391 718 v.
415 654 480 720 686
504 676 551 740 sq.
582 690 620 700 —-
650 653 803 738 Eupolis,
830 653 947 739 fragm.
975 675 1056 718 com.
1083 652 1116 718 Π
1144 652 1218 720 513.
1273 655 1428 721 Fortasse
1456 676 1531 720 vero

223 762 451 843 Λαρισοτοιοί
462 782 590 846 quoque
601 757 741 844 Gorgiae
756 759 841 842 apud
851 757 1021 824 Aristotel.
1035 757 1133 824 Polit.
1147 759 1228 826 1112
1243 765 1276 827 et
1294 762 1331 826 ol
1346 759 1383 826 ἐν
1401 762 1531 846 Λαρίσῃ

222 862 485 952 πολιτοφύλακες
507 871 541 932 et
563 861 676 951 ἅρχων
699 867 849 951 pastellos
871 865 948 932 ibid.
972 864 1054 930 VIII
1077 867 1097 931 6
1122 867 1162 932 ad
1185 872 1393 951 penestarum
1415 867 1532 932 turbas

222 974 302 1039 belli
321 974 587 1058 Peloponnesiaci
609 973 812 1057 temporibus
826 974 942 1040 ‚motas
967 974 1123 1056 spectant.
1168 973 1294 1040 Notum
1318 977 1369 1039 est
1392 973 1532 1057 denique

223 1078 371 1165 Critian,
393 1079 533 1146 Athenis
557 1081 705 1164 eiectum,
727 1080 762 1144 in
782 1079 953 1144 Thessalia
971 1079 1031 1143 suh
1049 1078 1147 1144 finem
1167 1081 1246 1145 belli
1265 1080 1533 1166 Peloponnesiaci

223 1210 296 1252 cum
318 1188 512 1254 Prometheo
536 1187 770 1254 democratiam
800 1186 980 1252 instituisse
1010 1189 1042 1250 et
1069 1191 1221 1270 pensatas
1245 1187 1359 1252 contra
1383 1188 1532 1254 dominos

225 1296 323 1360 armis
347 1295 540 1360 instruxisse
564 1291 665 1379 (Hell.
687 1293 721 1359 ΙΙ
744 1295 775 1379 3,
798 1295 849 1360 36.
888 1291 1105 1358 Commentar.
1128 1293 1144 1358 I
1168 1295 1197 1378 2,
1221 1291 1289 1380 24).
1321 1294 1432 1359 Etiam
1454 1297 1532 1360 tunc

223 1405 332 1468 autem
352 1406 559 1468 externarum
578 1402 745 1471 civitatum
765 1402 887 1468 auxilio
906 1404 939 1466 et
956 1400 1098 1466 militum
1117 1401 1389 1479 mercenariorum
1406 1400 1532 1466 viribus

224 1509 363 1574 maxime
390 1509 480 1574 nisos
509 1509 654 1595 singulos
683 1509 837 1593 dynastas
861 1507 1013 1574 Larissae
1039 1511 1125 1573 certe
1148 1529 1182 1572 se
1207 1493 1400 1572 sustinuisse
1424 1507 1532 1572 Xeno-

222 1616 310 1702 phon
325 1619 358 1681 et
371 1615 566 1682 Aristoteles
584 1619 756 1700 testantur,
774 1617 829 1680 ille
849 1619 928 1680 cum'
940 1615 1144 1699 Aristippum
1163 1614 1356 1680 Thessalum
1371 1612 1529 1699 (Anabas.

223 1722 240 1787 Ι
267 1723 295 1806 1,
321 1719 376 1807 10)
405 1720 481 1806 Cyri
504 1722 642 1788 Minoris
670 1723 787 1806 opibus
815 1723 878 1788 duo
909 1722 998 1786 milia
1026 1721 1166 1786 militum
1195 1721 1385 1786 conduxisse
1413 1721 1532 1803 tradat,

223 1823 269 1906 ὥς
291 1823 379 1894 οὕτω
397 1826 702 1914 ιτερινενησόμενον
721 1821 763 1893 ἂν
781 1829 849 1894 τῶν
869 1823 1150 1910 ἀντιστασιωτῶν,
1172 1865 1208 1876 -
1230 1827 1284 1892 hic
1302 1850 1374 1892 cum
1394 1826 1531 1911 (Hister.

224 1937 367 2004 Animal.
389 1937 437 2002 IX
459 1935 517 2022 30)
540 1935 639 2000 Medii
662 1935 824 2000 Larissaei
852 1935 973 2000 milites
1000 1935 1218 2000 mercenarios
1245 1935 1397 1999 atrociter
1420 1957 1532 2000 caesos

224 2063 295 2107 esse
313 2046 432 2128 narret,
451 2064 549 2128 quam
569 2042 697 2126 quidem
717 2047 862 2127 stragem
881 2062 922 2105 an
940 2043 1027 2105 recte
1041 2039 1095 2105 Du
1108 2040 1226 2106 Mesnil
1246 2041 1286 2104 ad
1310 2040 1533 2126 Lycophronis

224 2149 406 2233 victoriam,
424 2152 509 2214 teste
522 2147 739 2232 Xenophonte
753 2145 840 2211 Hell.
854 2145 887 2211 II
901 2147 932 2230 3,
945 2147 967 2210 4
982 2147 1020 2211 de
1035 2145 1215 2212 Lar-issaeis
1230 2150 1264 2212 et
1279 2147 1352 2212 aliis
1366 2147 1533 2214 Thessalis

224 2258 427 2340 reportatam
450 2253 550 2342 (anno
573 2253 653 2340 404)
677 2255 850 2340 rettulerit,
872 2255 992 2319 neseio.

313 2363 402 2439 Quae
430 2361 616 2428 testimonia
644 2361 682 2426 de
712 2383 819 2426 rerum
844 2360 1106 2425 Thessalicarum
1132 2361 1316 2426 conditione
1339 2361 1439 2425 allata
1461 2383 1534 2426 eum

224 2469 306 2534 nihil
338 2469 496 2552 habeant,
534 2468 619 2552 quod
649 2470 781 2532 nostrae
813 2467 969 2532 orationis
1002 2467 1273 2550 descriptionibus
1306 2469 1358 2533 vel
1391 2469 1533 2553 tempori

227 2577 364 2642 anobis
392 2575 526 2642 definito
555 2577 727 2660 repugnet,
755 2575 795 2639 ad
818 2574 971 2640 Archelai
1002 2577 1035 2638 et
1057 2572 1301 2639 Larissaeorum
1329 2577 1531 2642 conditiones

229 2684 271 2748 ab
294 2683 423 2748 Herode
446 2682 626 2766 descriptas
650 2681 849 2747 accedamus.

312 2788 486 2855 Perdiccae
509 2787 591 2872 iam,
614 2785 768 2852 Archelai
791 2789 1003 2873 antecessori,
1026 2787 1081 2872 qui
1103 2787 1227 2872 primus
1251 2788 1465 2854 Macedonum
1484 2811 1534 2854 re·

123 2977 130 2986 ,
225 2899 286 2963 bus
301 2898 396 2976 inter
415 2895 557 2962 Graecas
580 2895 730 2960 civitates
753 2895 861 2960 locum
881 2895 1162 2960 etauctoritatem
1185 2895 1315 2978 fecerat,
1339 2918 1412 2960 cum
1431 2895 1530 2960 Thes·

226 3005 305 3069 salis
336 3007 368 3068 et
395 3001 574 3068 Larissaeis
602 3000 742 3066 maxime
769 3000 1029 3066 familiaritatem
1060 3001 1282 3067 intercessisse
1300 3005 1348 3072 ,et
1379 3021 1532 3086 magnam

226 3111 327 3175 fuisse
360 3110 400 3174 ad
431 3131 484 3174 res
517 3107 708 3173 Thessaliae
739 3106 896 3190 regendas
933 3107 1114 3191 potentiam
1147 3108 1350 3193 Thucydides
1383 3113 1532 3174 testatur.

227 3214 309 3282 (lum
338 3217 423 3281 enim
451 3214 604 3280 Brasidas
636 3214 812 3278 exercitum
841 3214 1045 3280 Thessaliam
1077 3215 1275 3299 traduceret,
1308 3220 1340 3280 et
1371 3215 1533 3280 Pharsalii

226 3321 387 3406 nonnulli,
414 3319 744 3387 Lacedaemoniorum
771 3321 868 3386 rebus
891 3321 1052 3404 faventes,
1081 3327 1114 3386 at
1136 3322 1312 3388 Niconidas
1336 3322 1533 3406 Larissaeus,

227 3428 398 3494 Perdiccae
416 3427 599 3512 familiaris,
622 3429 664 3511 et,
687 3428 757 3492 eius
776 3427 927 3494 videlicet
946 3428 1044 3507 iussu,
1067 3427 1244 3494 Perrhaebi
1267 3450 1403 3514 quoque,
1425 3428 1532 3494 Laris·

225 3555 372 3600 saeorum
405 3535 521 3600 ditioni
554 3533 705 3618 subiecti,
738 3535 778 3599 ad
806 3535 1013 3601 Macedoniae
1043 3535 1124 3600 fines
1158 3557 1230 3601 eum
1263 3536 1390 3600 duxere.
1441 3535 1530 3612 Quos

226 3642 355 3728 quidem
373 3639 544 3706 Perdiccae
568 3640 763 3706 auctoritate
786 3641 926 3706 maxime
950 3643 1131 3707 commotos
1155 3642 1293 3727 duxisse,
1317 3642 1373 3727 qui
1395 3641 1427 3706 id
1450 3645 1529 3706 tem-

224 3749 313 3835 poris
327 3749 656 3814 Lacedaemoniorum
674 3751 746 3812 erat
765 3749 880 3833 socius,
899 3771 938 3813 ex
957 3771 996 3814 ea
1013 3769 1048 3812 re
1066 3751 1167 3834 patet,
1190 3748 1284 3834 quod,
1305 3771 1377 3814 cum
1397 3733 1549 3814 interim'

225 3855 472 3924 Atheniensium
496 3857 605 3940 partes
624 3853 793 3920 Perdiccae
817 3855 1020 3938 capessisset,
1044 3856 1112 3920 eius
1136 3855 1227 3920 iussu
1245 3856 1357 3939 copiae
1375 3856 1531 3922 Lacedae·

226 3963 418 4041 momorum,
441 3961 482 4026 ab
504 3959 683 4046 Ischagora
705 3964 739 4026 et
761 3960 948 4045 Rhamphia
971 3961 1128 4027 Brasidae
1152 3962 1366 4047 adducendae,
1390 3986 1409 4028 a
1432 3963 1533 4028 Thes·

228 4071 305 4138 ralis
332 4069 449 4134 itinere
476 4067 625 4134 faciendo
648 4065 833 4152 prohibitae
858 4071 934 4132 sunt
960 4065 1076 4152 (Thuo.
1099 4067 1147 4133 IV
1172 4069 1244 4134 132.
1276 4069 1307 4134 V
1328 4069 1393 4152 13).
1440 4069 1532 4146 Quod

225 4177 261 4242 in
279 4175 455 4242 Thessalos
479 4175 653 4259 imperium
671 4174 814 4240 voluisse
833 4179 920 4241 certe
939 4173 1136 4240 Archelaum
1156 4176 1346 4242 confirmare
1366 4179 1399 4241 et
1418 4176 1533 4241 astrin-

228 4304 303 4370 gere
332 4281 571 4366 Thrasymaohi
597 4282 817 4366 fragmentum
849 4282 1065 4367 demonstrat,
1097 4281 1183 4366 quod
1211 4285 1320 4347 exstat
1347 4282 1432 4366 apud
1460 4279 1532 4348 Ole-

227 4393 376 4456 mentem-
398 4387 572 4454 Alexandr.
601 4386 718 4455 Strom.
746 4389 795 4455 VI
826 4412 856 4473 p.
884 4389 963 4468 624,
992 4389 1049 4455 ubi
1081 4389 1161 4454 haec
1196 4392 1284 4454 sunt:
1321 4385 1376 4454 καλ
1404 4384 1470 4472 μὴν
1495 4387 1531 4454 ἐν

230 4495 369 4584 Τηλέφῳ
393 4493 544 4572 εἰπόντος
562 4489 765 4580 Εὐριπίδου·
786 4489 945 4578 Ἕλληνες
968 4489 1062 4572 ὄντες
1086 4490 1271 4582 βαρβάροις
1289 4489 1533 4578 δουλεύσομεν;

226 4599 447 4688 Θρασύμαχος
479 4600 516 4667 ἐν
547 4603 592 4691 τῷ
624 4595 708 4688 ὑπὲρ
741 4603 937 4695 Λαριναίων
969 4601 1073 4686 λέγει·
1107 4597 1272 4689 Ἀρχελάῳ
1305 4597 1534 4686 δουλεύσομεν

219 4704 379 4793 Ἕλληνες
402 4704 498 4786 ὄντες
520 4705 687 4798 βαρβάρῳ.
708 4745 748 4756 -
774 4708 873 4776 Ouios
896 4710 1077 4776 testimonii
1100 4709 1349 4794 explicationem
1372 4730 1445 4773 mea
1466 4710 1533 4792 qui-

232 4816 306 4882 dem
334 4817 497 4882 sententia
523 4816 815 4883 luculentissimam
838 4815 951 4882 Baiter
978 4820 1012 4882 et
1039 4814 1182 4902 Sauppe,
1206 4818 1350 4882 oratores
1373 4812 1477 4882 Attici
1500 4814 1533 4880 II
