3572 5472
809 265 1023 329 ..42-

262 445 293 507 p.
319 424 391 502 162,
415 423 499 488 hene
521 422 661 488 edidere:
692 421 772 489 Oum
797 422 971 506 Aleucdae,
994 425 1202 510 optimatium
1221 426 1464 494 Larissacomm
1482 430 1568 514 prin·

263 529 364 616 cipes,
393 529 433 595 ad
462 521 671 614 Archelaum,
698 529 912 597 Macedonum
941 552 1064 618 regem,
1094 534 1332 620 confugissent,
1362 538 1395 600 et
1417 535 1471 600 hic
1492 536 1567 602 illos

264 635 453 702 reducturus
486 657 556 702 esse
588 639 770 721 putaretur,
805 637 956 703 videntur
987 639 1160 724 populares
1192 638 1441 707 Atheniensium
1473 659 1567 728 opem

263 741 500 826 imploravisse.
545 741 676 827 negatis
699 743 943 810 Larissaeorum
967 744 1230 832 Thrasymachus
1253 748 1434 814 orationem
1457 749 1510 814 vel
1532 771 1566 815 re

262 869 339 915 vera
366 849 512 936 scripsit,
539 851 591 915 vel
614 851 708 935 quasi
731 849 901 918 scribenda
925 855 1011 918 esset
1033 853 1229 938 composuit,
1254 857 1291 918 ut
1314 855 1497 939 exemplum
1521 856 1567 921 di-

263 955 396 1040 scipulis
420 959 573 1022 exstaret.

352 1061 550 1148 Quocunque
573 1083 650 1128 vcro
673 1063 770 1130 modo
794 1085 845 1130 res
869 1086 903 1130 ee
926 1063 1035 1150 habet,
1058 1065 1185 1150 legatos
1204 1065 1446 1134 Larissaecrum
1465 1062 1565 1133 Athe-

261 1189 321 1234 nas
344 1169 470 1234 vonisse
493 1169 729 1254 Thrasymachi
751 1170 936 1256 fragmento
960 1171 1154 1255 adducimur,
1176 1175 1213 1238 ut
1236 1173 1376 1239 maxime
1396 1173 1565 1259 probabile

262 1277 430 1360 putemus,
453 1275 648 1342 Archelaum
672 1298 749 1343 vero
772 1277 867 1343 rebus
890 1277 1135 1345 Larissaeorum
1159 1299 1193 1343 se
1216 1280 1432 1346 immiscuisse
1456 1280 1566 1346 eodem

263 1382 453 1450 testimonio
478 1383 679 1449 hauddubie
706 1385 945 1468 comprobatur.
981 1385 1215 1468 Thrasymachi
1238 1387 1325 1451 enim
1348 1391 1455 1454 aetate
1474 1407 1566 1474 argu·

263 1491 373 1554 menta
396 1490 493 1555 certis
516 1489 673 1555 historiae
696 1492 881 1557 nominibus
904 1491 1036 1556 definita
1053 1513 1186 1576 prorsus
1205 1493 1281 1558 ficta
1300 1515 1452 1560 essenon
1471 1493 1566 1560 modo

263 1597 420 1682 exemplis
448 1597 633 1663 confirmari
660 1620 727 1664 non
748 1600 872 1683 potest,
900 1599 955 1664 sed
979 1598 1078 1664 etiam
1101 1597 1295 1666 Philostrati
1318 1605 1352 1666 et
1374 1600 1565 1678 Quintiliani

261 1703 459 1770 testimoniis
493 1727 593 1788 supra
626 1705 737 1770 allatis
772 1709 882 1790 aperte
909 1699 1079 1792 repugnat
1128 1704 1188 1772 Oui
1215 1706 1453 1793 Thrasymachi
1480 1708 1566 1794 frag-

262 1813 372 1876 mento
400 1813 513 1877 nostra
544 1811 649 1876 oratio
679 1812 728 1878 ita
755 1834 822 1878 non
849 1818 1023 1899 repugnat,
1050 1815 1088 1878 ut
1115 1817 1230 1878 contra
1257 1814 1510 1882 illustrationem
1533 1817 1567 1878 et

261 1897 539 1984 continuationem
563 1918 670 1984 addat.

349 2023 463 2111 Neque
485 2048 561 2092 vero
584 2024 724 2090 Herodis
748 2023 843 2089 illud:
867 2026 933 2109 ἔχει
956 2023 1074 2109 μένγε
1097 2021 1222 2111 χώραν,
1245 2019 1290 2110 ἣν
1312 2020 1395 2111 ἡμῖν
1418 2026 1454 2091 cf
1473 2023 1565 2091 πανέ-

260 2153 316 2215 pas
338 2128 540 2216 κτησάμενοι
562 2131 772 2219 παρέδωκαν,
795 2131 880 2216 quod
903 2131 944 2197 ad
962 2130 1222 2198 Perrhaeborum
1241 2152 1365 2220 agrum,
1388 2133 1430 2198 ab
1449 2133 1566 2198 Arche·

262 2238 315 2302 lao
339 2237 379 2303 ad
402 2241 530 2324 tempus
550 2242 753 2323 occupatum,
776 2241 923 2322 spectare
943 2259 1042 2322 supra
1061 2239 1246 2324 statuimus,
1268 2235 1439 2306 Strabonis
1459 2243 1565 2306 aucto·

260 2344 358 2410 ritate
380 2344 549 2411 refellitur.
600 2345 694 2422 Quod
721 2345 807 2410 enim
830 2343 950 2410 Strabo
978 2345 1044 2410 430
1067 2343 1168 2410 tradit
1189 2344 1374 2412 Larissaeos
1401 2347 1566 2432 usquead

260 2451 416 2538 Philippi,
439 2452 654 2519 Macedonum
677 2451 781 2538 regis,
804 2455 947 2517 aetatem
969 2451 1200 2542 Perrhaebiam
1224 2452 1405 2518 obtinuisse
1429 2457 1463 2518 et
1485 2453 1565 2518 redi·

261 2561 316 2624 tus
349 2579 388 2623 ex
420 2581 460 2624 ea
490 2557 686 2643 percepisse,
718 2557 781 2624 hcc
814 2558 854 2622 ad
881 2558 1014 2622 verbum
1047 2558 1149 2641 accipi
1181 2579 1246 2624 non
1276 2579 1373 2643 posse
1404 2558 1566 2624 Diodorus

263 2664 476 2751 demonstrat,
496 2665 556 2751 qui
571 2664 633 2730 XV
652 2665 693 2730 57
718 2664 820 2730 tradit
842 2665 993 2732 Iasonem
1016 2686 1101 2730 anno
1123 2663 1189 2729 370
1209 2663 1420 2730 Perrhaebiae
1439 2665 1566 2750 oppida,

261 2771 329 2836 alia
351 2773 384 2838 vi
407 2775 440 2838 et
463 2772 641 2856 obsidione,
665 2771 731 2836 alia
753 2773 972 2858 persuasione,
995 2769 1112 2837 ditioni
1136 2791 1214 2836 suae
1237 2769 1421 2836 subiecisse.

350 2877 499 2944 Alterum
533 2877 572 2943 de
605 2876 760 2944 Archelai
791 2881 825 2943 et
850 2878 1095 2944 Larissaeorum
1127 2876 1309 2942 rationibus
1341 2877 1566 2943 testimonium

262 2983 346 3068 apud
374 2983 587 3050 Aristotelem
614 2983 709 3049 Polit
738 2983 819 3050 VIII
849 2987 891 3050 10
919 2987 1040 3050 exstat:
1078 2982 1281 3050 σννειιέθονο
1310 2981 1348 3049 δὲ
1375 2977 1565 3071 (Ἀρχελάῳ)

260 3087 317 3154 acl
334 3083 597 3176 Ἑλλανοκράτης
624 3085 642 3155 ὁ
668 3092 852 3177 Λαρισαῖος
879 3086 936 3156 διὰ
958 3086 1021 3174 τὴν
1044 3084 1151 3174 αὐτὴν
1174 3092 1297 3155 αἰτίαν·
1326 3084 1371 3167 ὡς
1397 3087 1462 3174 γὰρ
1484 3085 1565 3175 χρώ-

260 3221 361 3282 μενος
388 3193 494 3263 αὐτοῦ
524 3197 564 3284 τῇ
590 3190 703 3284 ἡλικίη
732 3193 773 3262 οὐ
800 3197 942 3282 κατῆγεν
969 3190 1214 3282 ὑποσχόμενος,
1244 3190 1289 3261 δι’
1314 3191 1416 3283 ὕβριν
1442 3195 1498 3262 καὶ
1525 3191 1566 3262 οὐ

262 3299 307 3370 δι’
334 3299 497 3390 ἐρωτικὴν
520 3301 704 3388 ἐπιθυμίαν
728 3297 800 3392 ᾤετ’
822 3298 909 3368 εἶναι
927 3298 990 3388 τὴν
1008 3301 1235 3388 γεγενημένην
1259 3297 1403 3388 ὁμιλίαν.
1420 3339 1458 3351 -
1477 3303 1566 3381 Quae

262 3417 374 3477 tamen
396 3411 593 3495 testimonia,
612 3410 847 3495 Thrasymachi
870 3399 941 3476 dico
963 3411 999 3475 et
1017 3408 1214 3495 Aristotelis,
1238 3409 1278 3475 ad
1301 3410 1437 3474 eundem
1459 3429 1566 3476 rerum

261 3521 384 3584 statum
416 3521 561 3604 spectare
589 3517 785 3602 negaverim.
826 3517 873 3584 Ut
896 3517 982 3582 enim
1006 3517 1156 3582 omittam
1175 3516 1362 3583 Larissaeos
1385 3537 1472 3582 anno
1491 3518 1565 3602 399,

260 3626 313 3692 vel
336 3626 433 3710 paulo
456 3628 532 3692 ante
550 3623 799 3690 Atheniensium
824 3625 981 3691 auxilium
999 3625 1175 3713 implorare
1193 3645 1259 3690 non
1280 3623 1436 3708 potuisse,
1453 3627 1564 3689 tamen

245 3712 350 3798 ¹eliud
373 3735 423 3798 est
444 3731 641 3817 promissum
663 3731 787 3798 reditus
809 3733 950 3798 faciendi
972 3732 1028 3798 uui
1055 3731 1154 3797 alicui
1181 3729 1243 3796 civi
1267 3731 1391 3809 datum,
1422 3731 1565 3796 sednon

261 3839 453 3924 perfectum,
476 3837 563 3904 aliud
586 3837 764 3905 invasionis
788 3837 1015 3904 Macedonicae
1038 3841 1072 3902 et
1095 3837 1261 3903 servitutis
1287 3837 1461 3903 imminens
1483 3837 1564 3922 peri-

261 3945 377 4012 culum.
422 3944 537 4030 Itaque
565 3966 637 4010 cum
664 3967 716 4010 res
745 3947 785 4011 ab
814 3945 995 4012 Aristotele
1021 3947 1156 4011 narrata
1183 3945 1223 4010 ad
1253 3965 1373 4010 annum
1397 3943 1463 4008 399
1485 3943 1564 4008 refe·

260 4051 361 4117 renda
393 4051 451 4135 sit,
486 4049 570 4116 nihil
607 4051 757 4136 impedit,
795 4051 966 4136 quominus
999 4049 1234 4136 Thrasymachi
1270 4050 1489 4138 fragmentum
1524 4049 1565 4115 ad

261 4161 407 4224 nostram
435 4179 565 4224 causam
592 4179 793 4243 revocemus,
824 4161 857 4223 ct
885 4159 1013 4224 servato
1041 4161 1187 4242 tempore
1217 4153 1350 4224 definito
1383 4160 1565 4224 statuamus

168 4315 195 4346 ,
262 4265 398 4330 nonita
420 4263 525 4330 multo
550 4269 625 4330 ante
649 4285 770 4330 annum
793 4264 860 4330 405
882 4264 1056 4350 populares
1079 4267 1112 4330 et
1129 4264 1305 4348 optimates
1322 4262 1565 4330 Larissaeorum

262 4371 398 4456 imperio
416 4371 578 4456 expulisse
597 4372 760 4457 dynastas,
779 4375 820 4457 et,
839 4393 912 4438 cum
930 4370 966 4436 hi
980 4370 1133 4436 Archelai
1152 4371 1309 4436 auxilium
1328 4371 1567 4455 impetrassent,

262 4479 522 4564 Atheniensium,
544 4482 690 4546 veterum
714 4479 885 4564 sociorum,
909 4499 1005 4563 opem
1027 4478 1230 4563 implorasse,
1254 4499 1326 4544 cum
1348 4499 1425 4544 vero
1445 4477 1566 4563 abhis,

262 4609 281 4650 a
303 4585 576 4651 Lacedaemoniis·
592 4589 624 4650 et
642 4585 750 4652 Persis
773 4585 922 4669 detentis,
944 4605 1011 4650 non
1029 4585 1267 4670 adiuvarentur,
1290 4604 1464 4669 oppressos
1487 4603 1565 4648 esre.

349 4691 463 4778 Neque
491 4714 567 4759 vero
595 4691 858 4778 Xenophontem,
887 4691 942 4777 qui
969 4691 1140 4757 victoriam
1168 4690 1423 4776 chyccphrone
1445 4690 1485 4756 de
1507 4689 1565 4755 La-

261 4800 393 4867 rissaeis
430 4799 566 4888 aliisque
598 4800 764 4868 Thessalis
798 4821 909 4866 mense
941 4796 1124 4883 Septembri
1160 4799 1236 4864 anni
1267 4797 1334 4864 404
1365 4799 1566 4882 reportatam
