3572 5472
766 293 980 358 ..43-

222 451 362 518 strictim
390 454 623 520 commemorat
651 449 749 536 (Hell.
771 451 805 516 H
833 453 868 536 3,
890 449 939 538 4),
973 450 1012 515 de
1039 449 1193 517 Archelai
1225 455 1334 517 autem
1366 452 1401 516 in
1430 452 1527 518 rebus

222 559 468 626 Larissaeorum
490 557 640 642 potentia
662 561 757 643 tacet,
780 559 922 625 orationi
945 562 1076 624 nostrae
1098 561 1133 623 et
1155 559 1296 643 tempori
1319 559 1451 624 anobis
1474 559 1528 626 ds-

221 665 315 732 finito
337 685 517 751 repugnare
540 665 746 732 iudicandum
770 668 830 732 est.
874 663 987 750 Neque
1014 665 1101 730 enim
1124 687 1164 731 ex
1185 663 1413 750 Xenophontis
1436 666 1528 732 testi-

221 773 332 840 monio
354 771 452 838 nimis
472 773 566 866 ‚brevi
589 776 622 838 et
646 772 784 855 abrupto
808 772 889 838 satis
912 774 1001 838 certo
1025 771 1138 858 colligi
1162 774 1273 855 potest
1296 770 1447 837 Archelai
1469 795 1525 858 po·

163 873 167 880 ’
224 881 362 946 tentiam
381 879 416 944 in
434 881 530 946 rebus
549 878 793 945 Larissaeorum
811 879 877 945 iam
895 878 1034 946 fractam
1052 899 1133 962 esse,
1155 899 1269 963 neque,
1286 879 1349 944 hoc
1369 879 1398 942 si
1416 879 1529 964 colligi

222 988 347 1070 potest,
384 985 525 1052 orationi
554 987 686 1052 nostrae
718 989 893 1072 repugnat,
923 985 979 1052 sed
1011 1007 1142 1051 oausam
1168 989 1315 1050 nostram
1343 990 1418 1053 ante
1445 986 1530 1060 hauc

224 1113 369 1178 pugnam
392 1093 608 1160 revocandam
632 1114 701 1158 csse
726 1092 910 1177 confirmat,
933 1095 966 1156 et
988 1091 1101 1175 utique
1124 1091 1277 1158 credibile
1300 1095 1351 1158 est
1372 1092 1530 1160 Lacedae

225 1199 409 1266 momorum
432 1199 668 1283 exhortatione,
692 1199 821 1264 etiamsi
841 1198 978 1266 societas
997 1219 1063 1262 non
1081 1198 1290 1284 acciperetur,
1312 1201 1423 1264 tamen
1442 1201 1531 1265 nobi·

223 1305 328 1371 litatis
353 1309 386 1370 et
408 1307 615 1391 popularium
638 1308 747 1391 partes
770 1307 927 1390 firmatas,
950 1305 1161 1390 dynastarum
1185 1308 1218 1368 et
1241 1305 1394 1371 Archelai
1415 1311 1529 1392 poten-

221 1411 303 1478 tiam
330 1412 503 1480 infractam
530 1435 610 1478 esse.
659 1411 825 1498 Dynastas
855 1413 941 1478 enim
969 1416 1001 1478 et
1024 1411 1221 1478 Archelaum
1245 1405 1356 1479 omnia
1378 1414 1528 1498 movisse,

225 1523 262 1583 ut
291 1519 480 1586 societatem
509 1519 572 1586 sibi
599 1519 815 1604 perniciosam
843 1519 1055 1603 discuterent,
1082 1522 1115 1584 et
1140 1519 1344 1584 multitudini
1367 1520 1530 1604 optimati-

224 1625 348 1709 busque
381 1647 504 1692 morem
540 1625 681 1712 gessisse
715 1624 989 1691 verisimillimum
1019 1627 1078 1692 est
1133 1623 1276 1700 Quorum
1308 1626 1464 1692 facilitate
1497 1631 1531 1692 et

222 1731 439 1800 multitudinis
460 1737 574 1800 contra
587 1731 861 1798 Lacedaemonios
880 1731 955 1797 odic
971 1731 1160 1797 'societatem
1174 1732 1319 1798 oblatam
1334 1733 1531 1817 diremptam

223 1859 293 1902 esse
322 1842 465 1906 statuere
493 1839 687 1923 poterimus,
716 1846 749 1904 et
771 1838 838 1904 tale
862 1837 984 1922 aliquid
1008 1838 1078 1923 ipse
1101 1841 1213 1904 orator
1236 1838 1419 1924 significare
1444 1839 1530 1904 vida

221 1948 288 2028 tur,
319 1945 375 2010 ubi
409 1946 499 2012 dicit:
532 1941 552 2029 ἡ
586 1941 668 2028 τύχη
688 1993 856 2010 .......
876 1941 1094 2030 συνέπραξεν,
1125 1939 1210 2010 e‘r'cre
1241 1939 1320 2020 τοὺς
1352 1939 1532 2031 ὑμετέρους

222 2045 366 2136 ἐχθροὺς
388 2049 526 2128 ἑκόντας
547 2045 629 2135 ὑμῖν
653 2053 752 2135 δίκην
776 2053 905 2118 δοῦναι.

311 2156 380 2224 Nec
402 2181 468 2225 non
491 2159 644 2224 credibile
668 2162 719 2226 est
740 2159 873 2242 bellum,
896 2179 959 2242 quo
978 2159 1063 2224 teste
1077 2155 1255 2245 Aristotele
1274 2158 1371 2224 Polit.
1392 2157 1473 2224 VIII
1490 2159 1531 2224 10

221 2263 401 2333 Archelaus
429 2288 449 2332 a
476 2263 590 2332 Sirtha
617 2269 651 2330 et
678 2265 868 2332 Arrhabaeo
899 2263 1060 2348 supremis
1093 2265 1186 2350 regni
1215 2265 1311 2330 annis
1344 2267 1531 2350 urgebatur,

223 2393 295 2436 eum
317 2371 539 2457 impedivisse,
567 2372 738 2458 quominus
766 2371 962 2456 potentiam,
985 2393 1084 2455 quam
1107 2370 1142 2436 in
1163 2371 1264 2436 rebus
1287 2372 1532 2464 Larissaeorum

223 2482 338 2546 nactus
367 2483 451 2564 erat,
482 2482 627 2544 tueretur
655 2481 688 2544 et
716 2479 820 2544 socios
849 2479 890 2544 ab
914 2478 1107 2544 adversariis
1131 2481 1164 2542 et
1187 2478 1399 2563 Lycophrona
1425 2479 1531 2545 defen-

224 2585 323 2650 deret.
374 2585 466 2662 Quod
495 2586 523 2650 si
547 2585 734 2668 statuimuS,
763 2587 860 2652 simul
883 2586 1041 2651 habemus
1065 2591 1210 2668 causam,
1233 2585 1273 2650 de
1297 2609 1360 2670 qua
1378 2585 1531 2652 Helleno-

226 2697 360 2777 cratem,
393 2693 483 2758 cuius
517 2693 660 2758 strictim
691 2693 886 2760 Aristoteles
921 2691 1122 2758 mentionem
1154 2691 1249 2777 facit,
1286 2692 1465 2758 Archelaus
1497 2693 1532 2758 in

226 2799 367 2883 patriam
390 2819 456 2866 non
478 2799 651 2864 reduxerit.
693 2797 844 2866 Ceterum
867 2801 977 2866 omnia
999 2799 1080 2866 haee
1098 2798 1324 2882 Xenophontis
1348 2802 1381 2864 et
1403 2798 1529 2864 Aristo-

226 2906 302 2972 telis
324 2906 515 2974 testimonia
537 2907 686 2972 breviora
709 2912 794 2992 sunt,
817 2930 915 2992 quem
938 2907 1055 2993 quibus
1080 2905 1160 2970 certi
1180 2905 1303 2990 aliquid
1320 2905 1359 2970 de
1378 2905 1531 2971 Archelai

224 3015 257 3078 et
274 3012 517 3080 Larissaeorum
537 3012 776 3080 conditionibus
801 3013 968 3079 diiudicari
991 3015 1108 3097 possit,
1131 3015 1164 3076 et
1182 3011 1248 3076 iam
1267 3012 1532 3096 comprobavisse

227 3119 349 3184 sufficit
372 3141 410 3184 ea
433 3120 575 3184 orationi
594 3122 724 3184 nostrae
744 3123 776 3183 et
794 3120 935 3204 tempori
954 3142 973 3184 a
991 3119 1085 3185 nobis
1105 3118 1238 3184 definito
1257 3140 1323 3184 non
1340 3139 1532 3204 repugnare.

313 3225 443 3309 Restat,
476 3229 528 3311 ut,
555 3247 638 3310 quae
666 3225 704 3290 de
732 3224 1062 3292 Lacedaemoniorum
1089 3225 1124 3290 in
1153 3225 1250 3291 rebus
1280 3224 1469 3290 Thessaliae
1500 3228 1534 3289 et

227 3329 438 3398 Macedoniae
470 3332 588 3416 agendi
618 3331 807 3414 rationibus¹
836 3333 974 3414 aliorum
1003 3331 1198 3416 scriptorum
1224 3331 1421 3398 testimoniis
1445 3331 1532 3397 docti

224 3435 358 3520 scimus,
389 3459 461 3502 cum
485 3438 632 3502 consiliis
656 3459 768 3504 eorum
790 3442 905 3506 nostra
928 3439 1076 3504 oratione
1100 3439 1214 3506 relatis
1237 3442 1271 3504 et
1292 3437 1328 3504 in
1350 3437 1534 3523 argumenti

227 3543 442 3627 explicatione
466 3545 649 3612 accuratius
672 3545 868 3612 examinatis
891 3567 1125 3632 comparemus.

315 3649 387 3714 Iam
411 3673 495 3718 anno
519 3651 585 3717 426
603 3651 852 3718 Lacedaemonii
875 3656 959 3718 teste
978 3651 1168 3736 Thucydide
1192 3648 1314 3736 (1192)
1338 3653 1371 3714 et
1389 3650 1532 3716 Diodoro

227 3755 306 3843 (XII
341 3755 400 3844 59)
436 3759 624 3844 regionibus
668 3758 977 3842 septentrionalibus
1022 3759 1167 3824 animum
1192 3757 1425 3842 adverterant,
1461 3779 1533 3822 curn

225 3864 413 3948 petentibus
437 3862 620 3931 Trachiniis
644 3868 676 3930 et
698 3863 912 3932 Doriensibus
936 3864 1101 3948 Apollinis
1125 3863 1277 3948 Delphici
1307 3863 1459 3948 auspiciis
1482 3863 1534 3927 de-

227 3989 295 4034 cem
328 3970 419 4035 milia
451 3971 640 4040 colonorum
667 3969 860 4036 Heracleam
893 3970 1099 4054 deducerent,
1134 3973 1171 4034 ut
1202 3991 1240 4034 ea
1274 3970 1368 4053 quasi
1399 3969 1533 4034 cartello

227 4080 341 4143 contra
362 4075 531 4144 Euboeam
554 4081 723 4144 uterentur
748 4081 781 4146 et
805 4077 929 4144 aditum
951 4078 987 4143 in
1005 4076 1179 4142 Thraciam
1203 4075 1284 4142 satis
1307 4078 1415 4140 tutum
1437 4073 1535 4138 habe-

226 4187 309 4250 rent.
361 4183 482 4250 Gentes
512 4206 588 4250 vero
621 4184 795 4270 finitimae,
828 4188 861 4250 et
889 4184 1037 4250 Thessali
1070 4183 1224 4268 maxime,
1255 4205 1360 4250 novae
1387 4182 1534 4248 coloniae

227 4291 406 4374 periculum
436 4290 498 4356 sibi
526 4291 700 4356 imminens
731 4315 797 4358 non
831 4292 1036 4378 Ignorabant.
1091 4289 1181 4368 Quae
1215 4311 1288 4356 cum
1320 4289 1534 4355 finitimorum

230 4397 471 4464 incursionibus
496 4403 529 4462 et
550 4397 788 4482 praefectorum
811 4399 950 4483 superbo
978 4397 1115 4482 imperio
1142 4397 1342 4462 labefactata
1366 4395 1535 4462 Thebano·

228 4526 301 4568 rum
326 4505 482 4570 auxilium
500 4491 710 4590 implorasset
728 4509 762 4570 et
781 4505 822 4570 ab
841 4505 892 4570 his
912 4507 1069 4589 occupata
1088 4506 1183 4587 esset,
1205 4500 1535 4568 Lacedaemoniorum

229 4611 279 4676 ira
312 4610 568 4696 demonstrabat,
602 4612 716 4697 quanti
748 4612 894 4680 facerent
924 4611 987 4679 hoc
1021 4610 1193 4678 castellum
1228 4607 1396 4695 (ThraV
1424 4607 1465 4674 51
1487 4630 1535 4693 sq.

229 4715 355 4784 Diodor
378 4718 443 4784 XII
468 4716 534 4804 77).
1169 4719 1173 4728 '

317 4823 471 4890 Brasidae
501 4824 614 4892 deinde
643 4823 804 4909 expeditio
833 4822 1103 4892 Lacedaemonios
1131 4823 1166 4890 in
1193 4823 1381 4910 regionibus
1410 4825 1535 4907 septen·
