<?xml version="1.0" encoding="UTF-8"?>
<!DOCTYPE html PUBLIC "-//W3C//DTD XHTML 1.0 Transitional//EN"
    "http://www.w3.org/TR/xhtml1/DTD/xhtml1-transitional.dtd">
<html xmlns="http://www.w3.org/1999/xhtml" xml:lang="en" lang="en">
 <head>
  <title>
</title>
<meta http-equiv="Content-Type" content="text/html;charset=utf-8" />
  <meta name='ocr-system' content='tesseract 3.04.00' />
  <meta name='ocr-capabilities' content='ocr_page ocr_carea ocr_par ocr_line ocrx_word'/>
</head>
<body>
  <div class='ocr_page' id='page_1' title='image "./deherodisattici00hassgoog_0014.png"; bbox 0 0 3572 5472; ppageno 0'>
   <div class='ocr_carea' id='block_1_1' title="bbox 754 301 973 366">
    <p class='ocr_par' dir='ltr' id='par_1_1' title="bbox 754 301 973 366">
     <span class='ocr_line' id='line_1_1' title="bbox 754 301 973 366; baseline 0.009 -18"><span class='ocrx_word' id='word_1_1' title='bbox 754 301 973 366; x_wconf 69' lang='lat'>-11„.</span> 
     </span>
    </p>
   </div>
   <div class='ocr_carea' id='block_1_2' title="bbox 203 452 1515 885">
    <p class='ocr_par' dir='ltr' id='par_1_2' title="bbox 203 452 1515 798">
     <span class='ocr_line' id='line_1_2' title="bbox 274 452 1515 532; baseline -0.005 -14"><span class='ocrx_word' id='word_1_2' title='bbox 274 468 317 518; x_wconf 64' lang='grc' dir='ltr'>τό.</span> <span class='ocrx_word' id='word_1_3' title='bbox 337 456 472 532; x_wconf 80' lang='grc' dir='ltr'><strong><em>ἠπίστατο</em></strong></span> <span class='ocrx_word' id='word_1_4' title='bbox 496 457 550 531; x_wconf 84' lang='grc' dir='ltr'>γάρ</span> <span class='ocrx_word' id='word_1_5' title='bbox 575 455 681 526; x_wconf 72' lang='grc' dir='ltr'><strong><em>ἐλθόν,</em></strong></span> <span class='ocrx_word' id='word_1_6' title='bbox 710 452 754 514; x_wconf 84' lang='grc' dir='ltr'>ότι</span> <span class='ocrx_word' id='word_1_7' title='bbox 777 460 837 515; x_wconf 84' lang='lat' dir='ltr'>nod.</span> <span class='ocrx_word' id='word_1_8' title='bbox 862 491 895 501; x_wconf 91' lang='lat'><em>-</em></span> <span class='ocrx_word' id='word_1_9' title='bbox 919 460 1024 514; x_wconf 78' lang='lat' dir='ltr'>Vocem</span> <span class='ocrx_word' id='word_1_10' title='bbox 1049 453 1155 524; x_wconf 76' lang='grc' dir='ltr'><strong><em>ἐλθόν,</em></strong></span> <span class='ocrx_word' id='word_1_11' title='bbox 1182 473 1254 526; x_wconf 68' lang='grc' dir='ltr'><strong><em>(μοι</em></strong></span> <span class='ocrx_word' id='word_1_12' title='bbox 1277 474 1311 512; x_wconf 85' lang='lat' dir='ltr'>ex</span> <span class='ocrx_word' id='word_1_13' title='bbox 1334 457 1515 512; x_wconf 72' lang='lat' dir='ltr'>antecedenti</span> 
     </span>
     <span class='ocr_line' id='line_1_3' title="bbox 205 546 1514 617; baseline -0.005 -10"><span class='ocrx_word' id='word_1_14' title='bbox 205 547 303 607; x_wconf 79' lang='grc' dir='ltr'><strong><em>ἐλθεῖν</em></strong></span> <span class='ocrx_word' id='word_1_15' title='bbox 321 553 384 606; x_wconf 90' lang='lat' dir='ltr'>orta</span> <span class='ocrx_word' id='word_1_16' title='bbox 398 567 459 606; x_wconf 87' lang='lat' dir='ltr'>esse</span> <span class='ocrx_word' id='word_1_17' title='bbox 475 549 595 616; x_wconf 85' lang='lat' dir='ltr'>videtur,</span> <span class='ocrx_word' id='word_1_18' title='bbox 615 547 694 615; x_wconf 84' lang='lat' dir='ltr'>eieoi,</span> <span class='ocrx_word' id='word_1_19' title='bbox 713 565 804 617; x_wconf 89' lang='lat' dir='ltr'>neque</span> <span class='ocrx_word' id='word_1_20' title='bbox 819 548 894 604; x_wconf 88' lang='lat' dir='ltr'>enim</span> <span class='ocrx_word' id='word_1_21' title='bbox 907 547 1070 615; x_wconf 80' lang='lat' dir='ltr'>Archelaus,</span> <span class='ocrx_word' id='word_1_22' title='bbox 1084 547 1235 616; x_wconf 83' lang='lat' dir='ltr'>postquam</span> <span class='ocrx_word' id='word_1_23' title='bbox 1249 546 1372 614; x_wconf 85' lang='lat' dir='ltr'>advenit,</span> <span class='ocrx_word' id='word_1_24' title='bbox 1388 546 1422 601; x_wconf 89' lang='lat' dir='ltr'>de</span> <span class='ocrx_word' id='word_1_25' title='bbox 1437 547 1514 601; x_wconf 88' lang='lat' dir='ltr'>statu</span> 
     </span>
     <span class='ocr_line' id='line_1_4' title="bbox 203 629 1515 708; baseline -0.003 -14"><span class='ocrx_word' id='word_1_26' title='bbox 203 657 297 694; x_wconf 89' lang='lat' dir='ltr'>rerum</span> <span class='ocrx_word' id='word_1_27' title='bbox 315 639 418 694; x_wconf 88' lang='lat' dir='ltr'>eertior</span> <span class='ocrx_word' id='word_1_28' title='bbox 440 639 532 694; x_wconf 81' lang='lat' dir='ltr'>faetus</span> <span class='ocrx_word' id='word_1_29' title='bbox 556 640 612 704; x_wconf 87' lang='lat' dir='ltr'>est,</span> <span class='ocrx_word' id='word_1_30' title='bbox 636 629 686 692; x_wconf 88' lang='lat' dir='ltr'>sed</span> <span class='ocrx_word' id='word_1_31' title='bbox 710 637 790 706; x_wconf 87' lang='lat' dir='ltr'>quia,</span> <span class='ocrx_word' id='word_1_32' title='bbox 815 637 979 708; x_wconf 80' lang='lat' dir='ltr'>priusquam</span> <span class='ocrx_word' id='word_1_33' title='bbox 996 636 1087 704; x_wconf 79' lang='lat' dir='ltr'>venit,</span> <span class='ocrx_word' id='word_1_34' title='bbox 1112 637 1299 706; x_wconf 77' lang='lat' dir='ltr'>opportrnam</span> <span class='ocrx_word' id='word_1_35' title='bbox 1318 635 1374 690; x_wconf 86' lang='lat' dir='ltr'>sibi</span> <span class='ocrx_word' id='word_1_36' title='bbox 1391 636 1515 706; x_wconf 88' lang='lat' dir='ltr'>partium</span> 
     </span>
     <span class='ocr_line' id='line_1_5' title="bbox 204 724 973 798; baseline -0.003 -16"><span class='ocrx_word' id='word_1_37' title='bbox 204 727 408 784; x_wconf 72' lang='lat' dir='ltr'>dissensionem</span> <span class='ocrx_word' id='word_1_38' title='bbox 427 728 613 798; x_wconf 84' lang='lat' dir='ltr'>compererat,</span> <span class='ocrx_word' id='word_1_39' title='bbox 633 724 729 780; x_wconf 85' lang='lat' dir='ltr'>venire</span> <span class='ocrx_word' id='word_1_40' title='bbox 748 743 805 780; x_wconf 91' lang='lat' dir='ltr'>non</span> <span class='ocrx_word' id='word_1_41' title='bbox 824 724 973 780; x_wconf 86' lang='lat' dir='ltr'>dubitavit.</span> 
     </span>
    </p>

    <p class='ocr_par' dir='ltr' id='par_1_3' title="bbox 276 811 1515 885">
     <span class='ocr_line' id='line_1_6' title="bbox 276 811 1515 885; baseline -0.003 -12"><span class='ocrx_word' id='word_1_42' title='bbox 276 825 319 873; x_wconf 73' lang='lat'>27.</span> <span class='ocrx_word' id='word_1_43' title='bbox 339 812 383 873; x_wconf 84' lang='grc' dir='ltr'>ὅτι</span> <span class='ocrx_word' id='word_1_44' title='bbox 401 825 460 880; x_wconf 84' lang='grc' dir='ltr'><strong><em>τοῖς</em></strong></span> <span class='ocrx_word' id='word_1_45' title='bbox 478 819 590 878; x_wconf 85' lang='grc' dir='ltr'><strong><em>πολλοῖς</em></strong></span> <span class='ocrx_word' id='word_1_46' title='bbox 608 811 660 884; x_wconf 75' lang='grc' dir='ltr'><strong><em>μὲν</em></strong></span> <span class='ocrx_word' id='word_1_47' title='bbox 681 811 868 885; x_wconf 76' lang='grc' dir='ltr'><strong><em>ἐπιχειρήσας,</em></strong></span> <span class='ocrx_word' id='word_1_48' title='bbox 887 814 963 882; x_wconf 90' lang='lat' dir='ltr'>quod</span> <span class='ocrx_word' id='word_1_49' title='bbox 980 813 1118 884; x_wconf 79' lang='lat' dir='ltr'>praebent</span> <span class='ocrx_word' id='word_1_50' title='bbox 1132 812 1252 882; x_wconf 82' lang='lat' dir='ltr'>codices,</span> <span class='ocrx_word' id='word_1_51' title='bbox 1272 830 1384 868; x_wconf 87' lang='lat' dir='ltr'>sensum</span> <span class='ocrx_word' id='word_1_52' title='bbox 1402 815 1515 870; x_wconf 90' lang='lat' dir='ltr'>omnino</span> 
     </span>
    </p>
   </div>
   <div class='ocr_carea' id='block_1_3' title="bbox 204 901 1594 971">
    <p class='ocr_par' dir='ltr' id='par_1_4' title="bbox 204 901 1594 971">
     <span class='ocr_line' id='line_1_7' title="bbox 204 901 1594 971; baseline -0.004 -9"><span class='ocrx_word' id='word_1_53' title='bbox 204 925 261 962; x_wconf 92' lang='lat' dir='ltr'>non</span> <span class='ocrx_word' id='word_1_54' title='bbox 280 907 402 963; x_wconf 78' lang='lat' dir='ltr'>exhibet.</span> <span class='ocrx_word' id='word_1_55' title='bbox 441 905 514 971; x_wconf 77' lang='lat' dir='ltr'>Quid</span> <span class='ocrx_word' id='word_1_56' title='bbox 538 903 613 959; x_wconf 90' lang='lat' dir='ltr'>enim</span> <span class='ocrx_word' id='word_1_57' title='bbox 631 904 701 957; x_wconf 85' lang='lat' dir='ltr'>haec</span> <span class='ocrx_word' id='word_1_58' title='bbox 721 901 777 956; x_wconf 89' lang='lat' dir='ltr'>sibi</span> <span class='ocrx_word' id='word_1_59' title='bbox 794 903 905 957; x_wconf 86' lang='lat' dir='ltr'>volunt:</span> <span class='ocrx_word' id='word_1_60' title='bbox 928 918 985 956; x_wconf 92' lang='lat' dir='ltr'>non</span> <span class='ocrx_word' id='word_1_61' title='bbox 1004 903 1152 956; x_wconf 83' lang='lat' dir='ltr'>cunctatus</span> <span class='ocrx_word' id='word_1_62' title='bbox 1171 903 1215 956; x_wconf 90' lang='lat' dir='ltr'>est</span> <span class='ocrx_word' id='word_1_63' title='bbox 1233 919 1297 956; x_wconf 86' lang='lat' dir='ltr'>eum</span> <span class='ocrx_word' id='word_1_64' title='bbox 1315 903 1515 958; x_wconf 87' lang='lat' dir='ltr'>infirmioribus</span> <span class='ocrx_word' id='word_1_65' title='bbox 1589 936 1594 946; x_wconf 90' lang='lat'><em>·</em></span> 
     </span>
    </p>
   </div>
   <div class='ocr_carea' id='block_1_4' title="bbox 202 991 1519 4894">
    <p class='ocr_par' dir='ltr' id='par_1_5' title="bbox 203 991 1517 1242">
     <span class='ocr_line' id='line_1_8' title="bbox 203 991 1514 1067; baseline -0.002 -17"><span class='ocrx_word' id='word_1_66' title='bbox 203 995 328 1065; x_wconf 87' lang='lat' dir='ltr'>potiores</span> <span class='ocrx_word' id='word_1_67' title='bbox 348 994 479 1067; x_wconf 80' lang='lat' dir='ltr'>aggredi,</span> <span class='ocrx_word' id='word_1_68' title='bbox 502 1010 570 1048; x_wconf 90' lang='lat' dir='ltr'>nam</span> <span class='ocrx_word' id='word_1_69' title='bbox 593 991 648 1045; x_wconf 89' lang='lat' dir='ltr'>eibi</span> <span class='ocrx_word' id='word_1_70' title='bbox 671 994 860 1062; x_wconf 79' lang='lat' dir='ltr'>persuaserat,</span> <span class='ocrx_word' id='word_1_71' title='bbox 886 991 911 1045; x_wconf 84' lang='lat' dir='ltr'>si</span> <span class='ocrx_word' id='word_1_72' title='bbox 928 991 1053 1061; x_wconf 88' lang='lat' dir='ltr'>potiores</span> <span class='ocrx_word' id='word_1_73' title='bbox 1078 992 1291 1061; x_wconf 81' lang='lat' dir='ltr'>aggrederetur,</span> <span class='ocrx_word' id='word_1_74' title='bbox 1314 992 1387 1046; x_wconf 87' lang='lat' dir='ltr'>nihil</span> <span class='ocrx_word' id='word_1_75' title='bbox 1410 1010 1514 1066; x_wconf 78' lang='lat' dir='ltr'>eorum,</span> 
     </span>
     <span class='ocr_line' id='line_1_9' title="bbox 205 1079 1517 1154; baseline -0.001 -16"><span class='ocrx_word' id='word_1_76' title='bbox 205 1102 277 1154; x_wconf 92' lang='lat' dir='ltr'>quae</span> <span class='ocrx_word' id='word_1_77' title='bbox 290 1085 386 1152; x_wconf 86' lang='lat' dir='ltr'>vellet,</span> <span class='ocrx_word' id='word_1_78' title='bbox 406 1101 435 1138; x_wconf 91' lang='lat' dir='ltr'>se</span> <span class='ocrx_word' id='word_1_79' title='bbox 450 1081 631 1138; x_wconf 80' lang='lat' dir='ltr'>effecturum?</span> <span class='ocrx_word' id='word_1_80' title='bbox 669 1081 771 1135; x_wconf 84' lang='lat' dir='ltr'>Immo:</span> <span class='ocrx_word' id='word_1_81' title='bbox 791 1079 816 1134; x_wconf 91' lang='lat' dir='ltr'>si</span> <span class='ocrx_word' id='word_1_82' title='bbox 834 1079 981 1135; x_wconf 84' lang='lat' dir='ltr'>inferiores</span> <span class='ocrx_word' id='word_1_83' title='bbox 996 1081 1207 1150; x_wconf 82' lang='lat' dir='ltr'>aggrederetur,</span> <span class='ocrx_word' id='word_1_84' title='bbox 1226 1081 1324 1150; x_wconf 85' lang='lat' dir='ltr'>itaque</span> <span class='ocrx_word' id='word_1_85' title='bbox 1338 1082 1517 1138; x_wconf 79' lang='lat' dir='ltr'>scribendum</span> 
     </span>
     <span class='ocr_line' id='line_1_10' title="bbox 206 1165 741 1242; baseline -0.004 -14"><span class='ocrx_word' id='word_1_86' title='bbox 206 1175 261 1228; x_wconf 86' lang='lat' dir='ltr'>est:</span> <span class='ocrx_word' id='word_1_87' title='bbox 281 1181 340 1236; x_wconf 85' lang='grc' dir='ltr'><strong><em>τοῖς</em></strong></span> <span class='ocrx_word' id='word_1_88' title='bbox 358 1168 464 1242; x_wconf 84' lang='grc' dir='ltr'><strong><em>ὀλίγοις</em></strong></span> <span class='ocrx_word' id='word_1_89' title='bbox 482 1168 535 1241; x_wconf 71' lang='grc' dir='ltr'>μἐν</span> <span class='ocrx_word' id='word_1_90' title='bbox 554 1165 741 1240; x_wconf 75' lang='grc' dir='ltr'><strong><em>ἐπιχειρήσας.</em></strong></span> 
     </span>
    </p>

    <p class='ocr_par' dir='ltr' id='par_1_6' title="bbox 214 1258 497 1335">
     <span class='ocr_line' id='line_1_11' title="bbox 214 1258 497 1335; baseline 0 -17"><span class='ocrx_word' id='word_1_91' title='bbox 214 1321 222 1335; x_wconf 53' lang='grc'><strong><em>,</em></strong></span> <span class='ocrx_word' id='word_1_92' title='bbox 277 1269 321 1320; x_wconf 82' lang='lat'>28.</span> <span class='ocrx_word' id='word_1_93' title='bbox 340 1259 378 1326; x_wconf 77' lang='grc' dir='ltr'>ὦς’</span> <span class='ocrx_word' id='word_1_94' title='bbox 395 1258 426 1317; x_wconf 87' lang='grc' dir='ltr'><strong><em>τό</em></strong></span> <span class='ocrx_word' id='word_1_95' title='bbox 446 1261 497 1318; x_wconf 90' lang='grc' dir='ltr'><strong><em>ΙιΖ.</em></strong></span> 
     </span>
    </p>

    <p class='ocr_par' dir='ltr' id='par_1_7' title="bbox 275 1344 729 1412">
     <span class='ocr_line' id='line_1_12' title="bbox 275 1344 729 1412; baseline -0.004 -6"><span class='ocrx_word' id='word_1_96' title='bbox 275 1358 318 1406; x_wconf 78' lang='lat'>29.</span> <span class='ocrx_word' id='word_1_97' title='bbox 338 1346 425 1406; x_wconf 84' lang='grc' dir='ltr'><strong><em>αότόν</em></strong></span> <span class='ocrx_word' id='word_1_98' title='bbox 444 1349 506 1404; x_wconf 85' lang='lat' dir='ltr'>ood.</span> <span class='ocrx_word' id='word_1_99' title='bbox 544 1344 630 1412; x_wconf 73' lang='grc' dir='ltr'><strong><em>αὐτός</em></strong></span> <span class='ocrx_word' id='word_1_100' title='bbox 649 1347 729 1404; x_wconf 83' lang='lat' dir='ltr'>editi.</span> 
     </span>
    </p>

    <p class='ocr_par' dir='ltr' id='par_1_8' title="bbox 276 1433 825 1511">
     <span class='ocr_line' id='line_1_13' title="bbox 276 1433 825 1511; baseline -0.007 -15"><span class='ocrx_word' id='word_1_101' title='bbox 276 1447 317 1497; x_wconf 83' lang='lat'>30.</span> <span class='ocrx_word' id='word_1_102' title='bbox 337 1437 412 1511; x_wconf 77' lang='grc' dir='ltr'><strong><em>ἡμᾶς</em></strong></span> <span class='ocrx_word' id='word_1_103' title='bbox 429 1437 524 1494; x_wconf 84' lang='lat' dir='ltr'>Reisk.</span> <span class='ocrx_word' id='word_1_104' title='bbox 544 1436 632 1494; x_wconf 81' lang='lat' dir='ltr'>Bekk.</span> <span class='ocrx_word' id='word_1_105' title='bbox 671 1433 746 1508; x_wconf 76' lang='grc' dir='ltr'><strong><em>ὑμᾶς</em></strong></span> <span class='ocrx_word' id='word_1_106' title='bbox 764 1437 825 1492; x_wconf 85' lang='lat' dir='ltr'>ood.</span> 
     </span>
    </p>

    <p class='ocr_par' dir='ltr' id='par_1_9' title="bbox 203 1521 1517 1774">
     <span class='ocr_line' id='line_1_14' title="bbox 277 1521 1517 1596; baseline -0.003 -12"><span class='ocrx_word' id='word_1_107' title='bbox 277 1536 319 1584; x_wconf 84' lang='lat'>31.</span> <span class='ocrx_word' id='word_1_108' title='bbox 340 1527 468 1583; x_wconf 82' lang='lat' dir='ltr'>audinum</span> <span class='ocrx_word' id='word_1_109' title='bbox 491 1527 644 1581; x_wconf 77' lang='lat' dir='ltr'>lectionem</span> <span class='ocrx_word' id='word_1_110' title='bbox 668 1522 805 1596; x_wconf 77' lang='grc' dir='ltr'>πράσσειν</span> <span class='ocrx_word' id='word_1_111' title='bbox 823 1525 982 1595; x_wconf 85' lang='lat' dir='ltr'>Stephanus</span> <span class='ocrx_word' id='word_1_112' title='bbox 1005 1525 1035 1580; x_wconf 89' lang='lat' dir='ltr'>in</span> <span class='ocrx_word' id='word_1_113' title='bbox 1059 1521 1178 1596; x_wconf 76' lang='grc' dir='ltr'><strong><em>πράξειν</em></strong></span> <span class='ocrx_word' id='word_1_114' title='bbox 1196 1525 1329 1596; x_wconf 87' lang='lat' dir='ltr'>mutavit,</span> <span class='ocrx_word' id='word_1_115' title='bbox 1354 1543 1407 1596; x_wconf 85' lang='lat' dir='ltr'>ego</span> <span class='ocrx_word' id='word_1_116' title='bbox 1426 1526 1517 1580; x_wconf 86' lang='lat' dir='ltr'>infini-</span> 
     </span>
     <span class='ocr_line' id='line_1_15' title="bbox 203 1614 1515 1687; baseline 0 -15"><span class='ocrx_word' id='word_1_117' title='bbox 203 1617 294 1672; x_wconf 86' lang='lat' dir='ltr'>tivum</span> <span class='ocrx_word' id='word_1_118' title='bbox 311 1615 469 1687; x_wconf 81' lang='lat' dir='ltr'>praesentis</span> <span class='ocrx_word' id='word_1_119' title='bbox 488 1615 612 1682; x_wconf 88' lang='lat' dir='ltr'>retinen,</span> <span class='ocrx_word' id='word_1_120' title='bbox 631 1632 695 1669; x_wconf 88' lang='lat' dir='ltr'>oum</span> <span class='ocrx_word' id='word_1_121' title='bbox 713 1615 807 1669; x_wconf 85' lang='lat' dir='ltr'>dicere</span> <span class='ocrx_word' id='word_1_122' title='bbox 826 1616 921 1670; x_wconf 88' lang='lat' dir='ltr'>orator</span> <span class='ocrx_word' id='word_1_123' title='bbox 938 1614 1069 1670; x_wconf 86' lang='lat' dir='ltr'>videatur</span> <span class='ocrx_word' id='word_1_124' title='bbox 1086 1614 1255 1672; x_wconf 81' lang='lat' dir='ltr'>Arohelaum</span> <span class='ocrx_word' id='word_1_125' title='bbox 1273 1615 1331 1672; x_wconf 88' lang='lat' dir='ltr'>iam</span> <span class='ocrx_word' id='word_1_126' title='bbox 1348 1634 1423 1674; x_wconf 83' lang='lat' dir='ltr'>nuno</span> <span class='ocrx_word' id='word_1_127' title='bbox 1442 1616 1515 1672; x_wconf 91' lang='lat' dir='ltr'>sedi-</span> 
     </span>
     <span class='ocr_line' id='line_1_16' title="bbox 203 1704 723 1774; baseline -0.008 -12"><span class='ocrx_word' id='word_1_128' title='bbox 203 1707 323 1774; x_wconf 86' lang='lat' dir='ltr'>tionem,</span> <span class='ocrx_word' id='word_1_129' title='bbox 343 1723 417 1774; x_wconf 88' lang='lat' dir='ltr'>quae</span> <span class='ocrx_word' id='word_1_130' title='bbox 433 1705 465 1759; x_wconf 87' lang='lat' dir='ltr'>in</span> <span class='ocrx_word' id='word_1_131' title='bbox 483 1707 549 1759; x_wconf 89' lang='lat' dir='ltr'>voto</span> <span class='ocrx_word' id='word_1_132' title='bbox 568 1704 619 1772; x_wconf 87' lang='lat' dir='ltr'>sit,</span> <span class='ocrx_word' id='word_1_133' title='bbox 639 1704 723 1758; x_wconf 89' lang='lat' dir='ltr'>alere.</span> 
     </span>
    </p>

    <p class='ocr_par' dir='ltr' id='par_1_10' title="bbox 275 1793 572 1852">
     <span class='ocr_line' id='line_1_17' title="bbox 275 1793 572 1852; baseline -0.013 0"><span class='ocrx_word' id='word_1_134' title='bbox 275 1803 317 1852; x_wconf 75' lang='lat'>32.</span> <span class='ocrx_word' id='word_1_135' title='bbox 337 1798 452 1851; x_wconf 76' lang='lat' dir='ltr'>alendas</span> <span class='ocrx_word' id='word_1_136' title='bbox 470 1793 525 1851; x_wconf 81' lang='lat' dir='ltr'>AL.</span> <span class='ocrx_word' id='word_1_137' title='bbox 569 1803 572 1808; x_wconf 86' lang='grc'><strong>’</strong></span> 
     </span>
    </p>

    <p class='ocr_par' dir='ltr' id='par_1_11' title="bbox 275 1879 810 1954">
     <span class='ocr_line' id='line_1_18' title="bbox 275 1879 810 1954; baseline -0.006 -14"><span class='ocrx_word' id='word_1_138' title='bbox 275 1892 317 1940; x_wconf 84' lang='lat'>33.</span> <span class='ocrx_word' id='word_1_139' title='bbox 336 1879 405 1954; x_wconf 79' lang='grc' dir='ltr'><strong><em>ἡμῖν</em></strong></span> <span class='ocrx_word' id='word_1_140' title='bbox 423 1881 518 1937; x_wconf 83' lang='lat' dir='ltr'>Reisk.</span> <span class='ocrx_word' id='word_1_141' title='bbox 538 1881 627 1941; x_wconf 81' lang='lat' dir='ltr'>Bekk,</span> <span class='ocrx_word' id='word_1_142' title='bbox 664 1879 731 1953; x_wconf 79' lang='grc' dir='ltr'><strong><em>ὑμῖν</em></strong></span> <span class='ocrx_word' id='word_1_143' title='bbox 750 1882 810 1937; x_wconf 83' lang='lat' dir='ltr'>cod.</span> 
     </span>
    </p>

    <p class='ocr_par' dir='ltr' id='par_1_12' title="bbox 274 1969 533 2030">
     <span class='ocr_line' id='line_1_19' title="bbox 274 1969 533 2030; baseline -0.008 -2"><span class='ocrx_word' id='word_1_144' title='bbox 274 1980 316 2030; x_wconf 83' lang='lat'>34.</span> <span class='ocrx_word' id='word_1_145' title='bbox 337 1969 412 2029; x_wconf 69' lang='grc' dir='ltr'><strong><em>ἐστίν</em></strong></span> <span class='ocrx_word' id='word_1_146' title='bbox 432 1988 486 2028; x_wconf 91' lang='lat' dir='ltr'>om.</span> <span class='ocrx_word' id='word_1_147' title='bbox 506 1973 533 2026; x_wconf 89' lang='lat' dir='ltr'>Z.</span> 
     </span>
    </p>

    <p class='ocr_par' dir='ltr' id='par_1_13' title="bbox 276 2057 1022 2124">
     <span class='ocr_line' id='line_1_20' title="bbox 276 2057 1022 2124; baseline -0.003 -6"><span class='ocrx_word' id='word_1_148' title='bbox 276 2068 317 2119; x_wconf 84' lang='grc'>35.</span> <span class='ocrx_word' id='word_1_149' title='bbox 337 2058 531 2124; x_wconf 75' lang='grc' dir='ltr'><strong><em>ἀντιτιθέντες</em></strong></span> <span class='ocrx_word' id='word_1_150' title='bbox 551 2062 612 2119; x_wconf 84' lang='lat' dir='ltr'>eod.</span> <span class='ocrx_word' id='word_1_151' title='bbox 631 2061 719 2116; x_wconf 79' lang='lat' dir='ltr'>Bokk.</span> <span class='ocrx_word' id='word_1_152' title='bbox 757 2057 924 2124; x_wconf 72' lang='grc' dir='ltr'><strong><em>ἀντιθέντες</em></strong></span> <span class='ocrx_word' id='word_1_153' title='bbox 943 2061 1022 2116; x_wconf 79' lang='lat' dir='ltr'>editi.</span> 
     </span>
    </p>

    <p class='ocr_par' dir='ltr' id='par_1_14' title="bbox 274 2149 818 2222">
     <span class='ocr_line' id='line_1_21' title="bbox 274 2149 818 2222; baseline -0.004 -16"><span class='ocrx_word' id='word_1_154' title='bbox 274 2159 317 2208; x_wconf 86' lang='grc'>36.</span> <span class='ocrx_word' id='word_1_155' title='bbox 336 2149 405 2222; x_wconf 81' lang='grc' dir='ltr'><strong><em>μήτε</em></strong></span> <span class='ocrx_word' id='word_1_156' title='bbox 425 2151 486 2205; x_wconf 86' lang='lat' dir='ltr'>eod.</span> <span class='ocrx_word' id='word_1_157' title='bbox 505 2150 593 2205; x_wconf 88' lang='lat' dir='ltr'>Bekk.</span> <span class='ocrx_word' id='word_1_158' title='bbox 632 2149 705 2221; x_wconf 84' lang='grc' dir='ltr'><strong><em>μηδέ</em></strong></span> <span class='ocrx_word' id='word_1_159' title='bbox 723 2150 818 2205; x_wconf 84' lang='lat' dir='ltr'>Reisk.</span> 
     </span>
    </p>

    <p class='ocr_par' dir='ltr' id='par_1_15' title="bbox 202 2239 1515 2489">
     <span class='ocr_line' id='line_1_22' title="bbox 274 2239 1515 2312; baseline -0.002 -16"><span class='ocrx_word' id='word_1_160' title='bbox 274 2247 316 2296; x_wconf 77' lang='lat'>37.</span> <span class='ocrx_word' id='word_1_161' title='bbox 336 2241 515 2310; x_wconf 75' lang='grc' dir='ltr'><strong><em>πολεμοῦμεν</em></strong></span> <span class='ocrx_word' id='word_1_162' title='bbox 529 2239 591 2294; x_wconf 86' lang='lat' dir='ltr'>eod.</span> <span class='ocrx_word' id='word_1_163' title='bbox 604 2239 693 2293; x_wconf 86' lang='lat' dir='ltr'>Bekk.</span> <span class='ocrx_word' id='word_1_164' title='bbox 708 2269 742 2282; x_wconf 84' lang='lat'>-</span> <span class='ocrx_word' id='word_1_165' title='bbox 756 2240 928 2310; x_wconf 71' lang='grc' dir='ltr'><strong><em>πολεμοῦσιν</em></strong></span> <span class='ocrx_word' id='word_1_166' title='bbox 941 2239 1045 2307; x_wconf 81' lang='lat' dir='ltr'>Reislr,</span> <span class='ocrx_word' id='word_1_167' title='bbox 1065 2257 1149 2309; x_wconf 88' lang='lat' dir='ltr'>quem</span> <span class='ocrx_word' id='word_1_168' title='bbox 1164 2259 1217 2312; x_wconf 89' lang='lat' dir='ltr'>ego</span> <span class='ocrx_word' id='word_1_169' title='bbox 1233 2258 1342 2310; x_wconf 85' lang='lat' dir='ltr'>sequor,</span> <span class='ocrx_word' id='word_1_170' title='bbox 1363 2259 1427 2296; x_wconf 87' lang='lat' dir='ltr'>eum</span> <span class='ocrx_word' id='word_1_171' title='bbox 1440 2241 1515 2296; x_wconf 89' lang='lat' dir='ltr'>inter</span> 
     </span>
     <span class='ocr_line' id='line_1_23' title="bbox 202 2323 1512 2401; baseline 0.003 -18"><span class='ocrx_word' id='word_1_172' title='bbox 202 2328 302 2384; x_wconf 83' lang='lat' dir='ltr'>tertias</span> <span class='ocrx_word' id='word_1_173' title='bbox 324 2345 459 2400; x_wconf 88' lang='lat' dir='ltr'>personas</span> <span class='ocrx_word' id='word_1_174' title='bbox 486 2323 731 2398; x_wconf 78' lang='grc' dir='ltr'><strong><em>ἀποθνήσκουσιν,</em></strong></span> <span class='ocrx_word' id='word_1_175' title='bbox 760 2327 894 2396; x_wconf 79' lang='grc' dir='ltr'><strong><em>κτῶνται,</em></strong></span> <span class='ocrx_word' id='word_1_176' title='bbox 922 2323 1148 2400; x_wconf 82' lang='grc' dir='ltr'><strong><em>άποστεροόνται</em></strong></span> <span class='ocrx_word' id='word_1_177' title='bbox 1175 2348 1297 2400; x_wconf 82' lang='lat' dir='ltr'>persona</span> <span class='ocrx_word' id='word_1_178' title='bbox 1318 2331 1410 2401; x_wconf 85' lang='lat' dir='ltr'>prima</span> <span class='ocrx_word' id='word_1_179' title='bbox 1433 2335 1512 2388; x_wconf 87' lang='grc' dir='ltr'><strong><em>πολε-</em></strong></span> 
     </span>
     <span class='ocr_line' id='line_1_24' title="bbox 202 2417 547 2489; baseline 0 -16"><span class='ocrx_word' id='word_1_180' title='bbox 202 2420 312 2489; x_wconf 79' lang='grc' dir='ltr'><strong><em>μοῦμεν</em></strong></span> <span class='ocrx_word' id='word_1_181' title='bbox 331 2417 398 2472; x_wconf 83' lang='lat' dir='ltr'>ferri</span> <span class='ocrx_word' id='word_1_182' title='bbox 415 2418 547 2486; x_wconf 86' lang='lat' dir='ltr'>nequeat.</span> 
     </span>
    </p>

    <p class='ocr_par' dir='ltr' id='par_1_16' title="bbox 216 2502 1402 2578">
     <span class='ocr_line' id='line_1_25' title="bbox 216 2502 1402 2578; baseline 0.001 -14"><span class='ocrx_word' id='word_1_183' title='bbox 216 2559 218 2566; x_wconf 65' lang='grc'><strong>.</strong></span> <span class='ocrx_word' id='word_1_184' title='bbox 275 2513 317 2563; x_wconf 85' lang='grc'>38.</span> <span class='ocrx_word' id='word_1_185' title='bbox 337 2508 462 2570; x_wconf 78' lang='grc' dir='ltr'><strong><em>καὶτοῖς</em></strong></span> <span class='ocrx_word' id='word_1_186' title='bbox 482 2503 596 2576; x_wconf 76' lang='grc' dir='ltr'><strong><em>ἐχθροῖς</em></strong></span> <span class='ocrx_word' id='word_1_187' title='bbox 614 2502 721 2576; x_wconf 82' lang='grc' dir='ltr'><strong><em>ἡδονὴν</em></strong></span> <span class='ocrx_word' id='word_1_188' title='bbox 741 2506 866 2568; x_wconf 78' lang='grc' dir='ltr'><strong><em>καὶτοῖς</em></strong></span> <span class='ocrx_word' id='word_1_189' title='bbox 884 2506 977 2574; x_wconf 83' lang='grc' dir='ltr'><strong><em>φίλοις</em></strong></span> <span class='ocrx_word' id='word_1_190' title='bbox 995 2505 1145 2578; x_wconf 79' lang='grc' dir='ltr'><strong><em>συμφοράν</em></strong></span> <span class='ocrx_word' id='word_1_191' title='bbox 1164 2527 1218 2564; x_wconf 90' lang='lat' dir='ltr'>om.</span> <span class='ocrx_word' id='word_1_192' title='bbox 1237 2511 1288 2578; x_wconf 88' lang='grc' dir='ltr'><strong><em>ΙιΖ,</em></strong></span> <span class='ocrx_word' id='word_1_193' title='bbox 1307 2509 1402 2566; x_wconf 82' lang='lat' dir='ltr'>Reisk.</span> 
     </span>
    </p>

    <p class='ocr_par' dir='ltr' id='par_1_17' title="bbox 276 2591 1519 2660">
     <span class='ocr_line' id='line_1_26' title="bbox 276 2591 1519 2660; baseline 0.002 -9"><span class='ocrx_word' id='word_1_194' title='bbox 276 2603 318 2651; x_wconf 80' lang='lat'>39.</span> <span class='ocrx_word' id='word_1_195' title='bbox 337 2592 475 2651; x_wconf 83' lang='grc' dir='ltr'><strong><em>δόναντσιι</em></strong></span> <span class='ocrx_word' id='word_1_196' title='bbox 494 2596 520 2650; x_wconf 73' lang='grc' dir='ltr'>ς.</span> <span class='ocrx_word' id='word_1_197' title='bbox 559 2593 619 2650; x_wconf 83' lang='lat' dir='ltr'>soil.</span> <span class='ocrx_word' id='word_1_198' title='bbox 639 2592 668 2650; x_wconf 78' lang='grc' dir='ltr'>οἷ</span> <span class='ocrx_word' id='word_1_199' title='bbox 684 2591 750 2658; x_wconf 76' lang='grc' dir='ltr'><strong><em>τοὺς</em></strong></span> <span class='ocrx_word' id='word_1_200' title='bbox 768 2593 891 2658; x_wconf 78' lang='grc' dir='ltr'><strong><em>οἰκείους</em></strong></span> <span class='ocrx_word' id='word_1_201' title='bbox 910 2596 1050 2660; x_wconf 79' lang='grc' dir='ltr'><strong><em>νικῶντες.</em></strong></span> <span class='ocrx_word' id='word_1_202' title='bbox 1089 2593 1210 2652; x_wconf 84' lang='grc' dir='ltr'><strong><em>δόναταν</em></strong></span> <span class='ocrx_word' id='word_1_203' title='bbox 1228 2599 1288 2655; x_wconf 83' lang='lat' dir='ltr'>eod.</span> <span class='ocrx_word' id='word_1_204' title='bbox 1308 2598 1396 2654; x_wconf 72' lang='lat' dir='ltr'>Beth.</span> <span class='ocrx_word' id='word_1_205' title='bbox 1509 2630 1519 2642; x_wconf 54' lang='grc' dir='ltr'><strong><em>ν</em></strong></span> 
     </span>
    </p>

    <p class='ocr_par' dir='ltr' id='par_1_18' title="bbox 273 2683 823 2754">
     <span class='ocr_line' id='line_1_27' title="bbox 273 2683 823 2754; baseline 0 -16"><span class='ocrx_word' id='word_1_206' title='bbox 273 2691 316 2742; x_wconf 87' lang='grc'>40.</span> <span class='ocrx_word' id='word_1_207' title='bbox 336 2683 516 2742; x_wconf 80' lang='grc' dir='ltr'><strong><em>καθέστακεν</em></strong></span> <span class='ocrx_word' id='word_1_208' title='bbox 535 2685 564 2740; x_wconf 84' lang='grc' dir='ltr'>Ιι.</span> <span class='ocrx_word' id='word_1_209' title='bbox 598 2683 776 2754; x_wconf 82' lang='grc' dir='ltr'><strong><em>καθέστηκεν</em></strong></span> <span class='ocrx_word' id='word_1_210' title='bbox 795 2685 823 2738; x_wconf 91' lang='grc' dir='ltr'>Ζ.</span> 
     </span>
    </p>

    <p class='ocr_par' dir='ltr' id='par_1_19' title="bbox 202 2771 1515 3200">
     <span class='ocr_line' id='line_1_28' title="bbox 273 2771 1515 2848; baseline 0.002 -20"><span class='ocrx_word' id='word_1_211' title='bbox 273 2781 316 2828; x_wconf 81' lang='lat'>41.</span> <span class='ocrx_word' id='word_1_212' title='bbox 340 2771 390 2828; x_wconf 86' lang='grc' dir='ltr'>τόν</span> <span class='ocrx_word' id='word_1_213' title='bbox 413 2771 547 2843; x_wconf 75' lang='grc' dir='ltr'><strong><em>διάλογον</em></strong></span> <span class='ocrx_word' id='word_1_214' title='bbox 569 2774 631 2828; x_wconf 85' lang='lat' dir='ltr'>eod.</span> <span class='ocrx_word' id='word_1_215' title='bbox 655 2773 743 2828; x_wconf 86' lang='lat' dir='ltr'>Bekk.</span> <span class='ocrx_word' id='word_1_216' title='bbox 785 2771 835 2830; x_wconf 90' lang='grc' dir='ltr'>τόν</span> <span class='ocrx_word' id='word_1_217' title='bbox 863 2772 1046 2845; x_wconf 81' lang='grc' dir='ltr'><strong><em>διαλλακτήν,</em></strong></span> <span class='ocrx_word' id='word_1_218' title='bbox 1072 2777 1118 2830; x_wconf 89' lang='lat' dir='ltr'>vel</span> <span class='ocrx_word' id='word_1_219' title='bbox 1141 2773 1192 2846; x_wconf 85' lang='grc' dir='ltr'>τὴν</span> <span class='ocrx_word' id='word_1_220' title='bbox 1218 2774 1371 2848; x_wconf 74' lang='grc' dir='ltr'><strong><em>διαλλαγὴν</em></strong></span> <span class='ocrx_word' id='word_1_221' title='bbox 1394 2776 1515 2832; x_wconf 80' lang='lat' dir='ltr'>coniecit</span> 
     </span>
     <span class='ocr_line' id='line_1_29' title="bbox 203 2861 1513 2934; baseline 0.001 -16"><span class='ocrx_word' id='word_1_222' title='bbox 203 2863 369 2932; x_wconf 84' lang='lat' dir='ltr'>Stephanus.</span> <span class='ocrx_word' id='word_1_223' title='bbox 403 2861 472 2917; x_wconf 81' lang='lat' dir='ltr'>Cum</span> <span class='ocrx_word' id='word_1_224' title='bbox 490 2863 577 2918; x_wconf 86' lang='lat' dir='ltr'>verba</span> <span class='ocrx_word' id='word_1_225' title='bbox 591 2878 663 2931; x_wconf 89' lang='lat' dir='ltr'>quae</span> <span class='ocrx_word' id='word_1_226' title='bbox 683 2865 848 2930; x_wconf 87' lang='lat' dir='ltr'>sequuntur:</span> <span class='ocrx_word' id='word_1_227' title='bbox 869 2861 898 2918; x_wconf 81' lang='lat' dir='ltr'>ol</span> <span class='ocrx_word' id='word_1_228' title='bbox 914 2861 968 2934; x_wconf 82' lang='grc' dir='ltr'>γάρ</span> <span class='ocrx_word' id='word_1_229' title='bbox 987 2867 1103 2932; x_wconf 84' lang='grc' dir='ltr'><strong><em>πλησίον</em></strong></span> <span class='ocrx_word' id='word_1_230' title='bbox 1119 2864 1265 2929; x_wconf 78' lang='grc' dir='ltr'><strong><em>οἰκοῦντες</em></strong></span> <span class='ocrx_word' id='word_1_231' title='bbox 1283 2887 1308 2920; x_wconf 93' lang='grc' dir='ltr'>κ.</span> <span class='ocrx_word' id='word_1_232' title='bbox 1323 2887 1346 2920; x_wconf 91' lang='grc' dir='ltr'><strong><em>τ.</em></strong></span> <span class='ocrx_word' id='word_1_233' title='bbox 1360 2871 1383 2922; x_wconf 95' lang='grc' dir='ltr'>λ.</span> <span class='ocrx_word' id='word_1_234' title='bbox 1416 2867 1513 2920; x_wconf 86' lang='lat' dir='ltr'>nostro</span> 
     </span>
     <span class='ocr_line' id='line_1_30' title="bbox 202 2949 1513 3026; baseline 0.002 -20"><span class='ocrx_word' id='word_1_235' title='bbox 202 2951 265 3006; x_wconf 85' lang='lat' dir='ltr'>loeo</span> <span class='ocrx_word' id='word_1_236' title='bbox 288 2968 391 3007; x_wconf 91' lang='lat' dir='ltr'>nomen</span> <span class='ocrx_word' id='word_1_237' title='bbox 414 2950 531 3026; x_wconf 81' lang='lat' dir='ltr'>actoris,</span> <span class='ocrx_word' id='word_1_238' title='bbox 556 2951 702 3006; x_wconf 89' lang='lat' dir='ltr'>notionem</span> <span class='ocrx_word' id='word_1_239' title='bbox 725 2949 919 3007; x_wconf 82' lang='lat' dir='ltr'>intercedendi</span> <span class='ocrx_word' id='word_1_240' title='bbox 937 2953 967 3006; x_wconf 91' lang='lat' dir='ltr'>et</span> <span class='ocrx_word' id='word_1_241' title='bbox 989 2951 1192 3008; x_wconf 76' lang='lat' dir='ltr'>reconciliandi</span> <span class='ocrx_word' id='word_1_242' title='bbox 1214 2955 1362 3010; x_wconf 79' lang='lat' dir='ltr'>continens</span> <span class='ocrx_word' id='word_1_243' title='bbox 1384 2957 1513 3024; x_wconf 86' lang='lat' dir='ltr'>poseant,</span> 
     </span>
     <span class='ocr_line' id='line_1_31' title="bbox 203 3037 1512 3112; baseline 0 -16"><span class='ocrx_word' id='word_1_244' title='bbox 203 3040 339 3110; x_wconf 82' lang='lat' dir='ltr'>Stephani</span> <span class='ocrx_word' id='word_1_245' title='bbox 358 3039 518 3096; x_wconf 89' lang='lat' dir='ltr'>emendatio</span> <span class='ocrx_word' id='word_1_246' title='bbox 537 3037 708 3110; x_wconf 62' lang='lat' dir='ltr'>destinastis</span> <span class='ocrx_word' id='word_1_247' title='bbox 727 3040 840 3096; x_wconf 83' lang='lat' dir='ltr'>videtur</span> <span class='ocrx_word' id='word_1_248' title='bbox 859 3040 1032 3111; x_wconf 84' lang='lat' dir='ltr'>accipienda,</span> <span class='ocrx_word' id='word_1_249' title='bbox 1051 3045 1109 3111; x_wconf 89' lang='lat' dir='ltr'>aut,</span> <span class='ocrx_word' id='word_1_250' title='bbox 1128 3043 1204 3112; x_wconf 88' lang='lat' dir='ltr'>quod</span> <span class='ocrx_word' id='word_1_251' title='bbox 1221 3045 1258 3100; x_wconf 90' lang='lat' dir='ltr'>ad</span> <span class='ocrx_word' id='word_1_252' title='bbox 1277 3044 1418 3098; x_wconf 90' lang='lat' dir='ltr'>elementa</span> <span class='ocrx_word' id='word_1_253' title='bbox 1435 3043 1512 3099; x_wconf 86' lang='lat' dir='ltr'>vocis</span> 
     </span>
     <span class='ocr_line' id='line_1_32' title="bbox 203 3126 1483 3200; baseline 0.003 -17"><span class='ocrx_word' id='word_1_254' title='bbox 203 3126 336 3199; x_wconf 76' lang='grc' dir='ltr'><strong><em>διάλογον</em></strong></span> <span class='ocrx_word' id='word_1_255' title='bbox 355 3129 442 3184; x_wconf 87' lang='lat' dir='ltr'>etiam</span> <span class='ocrx_word' id='word_1_256' title='bbox 460 3128 575 3200; x_wconf 86' lang='lat' dir='ltr'>propius</span> <span class='ocrx_word' id='word_1_257' title='bbox 594 3129 716 3196; x_wconf 82' lang='lat' dir='ltr'>aceedit,</span> <span class='ocrx_word' id='word_1_258' title='bbox 736 3128 906 3185; x_wconf 76' lang='grc' dir='ltr'><strong><em>διαλύσοντα</em></strong></span> <span class='ocrx_word' id='word_1_259' title='bbox 924 3130 1104 3186; x_wconf 77' lang='lat' dir='ltr'>scribendum</span> <span class='ocrx_word' id='word_1_260' title='bbox 1123 3149 1192 3190; x_wconf 85' lang='lat' dir='ltr'>esse.</span> <span class='ocrx_word' id='word_1_261' title='bbox 1234 3136 1240 3148; x_wconf 85' lang='lat'><em>&#39;</em></span> <span class='ocrx_word' id='word_1_262' title='bbox 1475 3127 1483 3134; x_wconf 78' lang='grc'><strong>’</strong></span> 
     </span>
    </p>

    <p class='ocr_par' dir='ltr' id='par_1_20' title="bbox 202 3214 1512 3376">
     <span class='ocr_line' id='line_1_33' title="bbox 273 3214 1512 3292; baseline 0.003 -20"><span class='ocrx_word' id='word_1_263' title='bbox 273 3224 316 3274; x_wconf 79' lang='lat'>42.</span> <span class='ocrx_word' id='word_1_264' title='bbox 336 3214 516 3289; x_wconf 76' lang='grc' dir='ltr'><strong><em>ἐξαγομένων</em></strong></span> <span class='ocrx_word' id='word_1_265' title='bbox 535 3245 569 3266; x_wconf 85' lang='lat'><em>=</em></span> <span class='ocrx_word' id='word_1_266' title='bbox 584 3215 728 3288; x_wconf 77' lang='grc' dir='ltr'><strong><em>ἐμπόρων,</em></strong></span> <span class='ocrx_word' id='word_1_267' title='bbox 757 3218 806 3287; x_wconf 90' lang='lat' dir='ltr'>qui</span> <span class='ocrx_word' id='word_1_268' title='bbox 834 3219 890 3273; x_wconf 88' lang='lat' dir='ltr'>sibi</span> <span class='ocrx_word' id='word_1_269' title='bbox 912 3219 1073 3274; x_wconf 77' lang='lat' dir='ltr'>necessaria</span> <span class='ocrx_word' id='word_1_270' title='bbox 1095 3238 1113 3278; x_wconf 91' lang='lat' dir='ltr'>a</span> <span class='ocrx_word' id='word_1_271' title='bbox 1135 3221 1218 3276; x_wconf 88' lang='lat' dir='ltr'>nobis</span> <span class='ocrx_word' id='word_1_272' title='bbox 1241 3223 1343 3292; x_wconf 88' lang='lat' dir='ltr'>petunt</span> <span class='ocrx_word' id='word_1_273' title='bbox 1361 3223 1391 3276; x_wconf 90' lang='lat' dir='ltr'>et</span> <span class='ocrx_word' id='word_1_274' title='bbox 1413 3239 1428 3276; x_wconf 90' lang='lat' dir='ltr'>e</span> <span class='ocrx_word' id='word_1_275' title='bbox 1452 3222 1512 3276; x_wconf 87' lang='lat' dir='ltr'>solo</span> 
     </span>
     <span class='ocr_line' id='line_1_34' title="bbox 202 3306 776 3376; baseline 0 -14"><span class='ocrx_word' id='word_1_276' title='bbox 202 3309 299 3363; x_wconf 87' lang='lat' dir='ltr'>nostro</span> <span class='ocrx_word' id='word_1_277' title='bbox 317 3307 453 3362; x_wconf 89' lang='lat' dir='ltr'>aliorsum</span> <span class='ocrx_word' id='word_1_278' title='bbox 471 3307 628 3376; x_wconf 86' lang='lat' dir='ltr'>exportant.</span> <span class='ocrx_word' id='word_1_279' title='bbox 664 3306 776 3364; x_wconf 84' lang='lat' dir='ltr'>Reiske.</span> 
     </span>
    </p>

    <p class='ocr_par' dir='ltr' id='par_1_21' title="bbox 273 3393 477 3454">
     <span class='ocr_line' id='line_1_35' title="bbox 273 3393 477 3454; baseline 0.005 -3"><span class='ocrx_word' id='word_1_280' title='bbox 273 3403 316 3454; x_wconf 78' lang='lat'>43.</span> <span class='ocrx_word' id='word_1_281' title='bbox 336 3393 430 3453; x_wconf 72' lang='grc' dir='ltr'><strong><em>ἐκεῖνο</em></strong></span> <span class='ocrx_word' id='word_1_282' title='bbox 449 3397 477 3452; x_wconf 90' lang='grc' dir='ltr'>Ζ.</span> 
     </span>
    </p>

    <p class='ocr_par' dir='ltr' id='par_1_22' title="bbox 272 3474 1207 3557">
     <span class='ocr_line' id='line_1_36' title="bbox 272 3474 1207 3557; baseline 0.004 -17"><span class='ocrx_word' id='word_1_283' title='bbox 272 3491 316 3540; x_wconf 83' lang='grc'>44.</span> <span class='ocrx_word' id='word_1_284' title='bbox 335 3480 511 3557; x_wconf 86' lang='grc' dir='ltr'><strong><em>άλλοτρίοος,</em></strong></span> <span class='ocrx_word' id='word_1_285' title='bbox 528 3474 863 3554; x_wconf 63' lang='lat' dir='ltr'>militesmereenarios,</span> <span class='ocrx_word' id='word_1_286' title='bbox 875 3485 1058 3556; x_wconf 85' lang='lat' dir='ltr'>alienigenas.</span> <span class='ocrx_word' id='word_1_287' title='bbox 1095 3487 1207 3544; x_wconf 83' lang='lat' dir='ltr'>Beislre.</span> 
     </span>
    </p>

    <p class='ocr_par' dir='ltr' id='par_1_23' title="bbox 272 3572 702 3645">
     <span class='ocr_line' id='line_1_37' title="bbox 272 3572 702 3645; baseline 0 -16"><span class='ocrx_word' id='word_1_288' title='bbox 272 3579 315 3632; x_wconf 84' lang='lat'>45.</span> <span class='ocrx_word' id='word_1_289' title='bbox 336 3572 505 3645; x_wconf 80' lang='grc' dir='ltr'><strong><em>διαλύσομεν</em></strong></span> <span class='ocrx_word' id='word_1_290' title='bbox 524 3574 544 3628; x_wconf 94' lang='grc' dir='ltr'><strong>Ζ</strong></span> <span class='ocrx_word' id='word_1_291' title='bbox 563 3575 593 3628; x_wconf 90' lang='lat' dir='ltr'>et</span> <span class='ocrx_word' id='word_1_292' title='bbox 609 3591 650 3644; x_wconf 87' lang='lat' dir='ltr'>pr.</span> <span class='ocrx_word' id='word_1_293' title='bbox 670 3573 702 3630; x_wconf 87' lang='lat' dir='ltr'>A.</span> 
     </span>
    </p>

    <p class='ocr_par' dir='ltr' id='par_1_24' title="bbox 202 3661 1513 4178">
     <span class='ocr_line' id='line_1_38' title="bbox 273 3661 1513 3737; baseline 0.001 -17"><span class='ocrx_word' id='word_1_294' title='bbox 273 3671 316 3721; x_wconf 82' lang='lat'>46.</span> <span class='ocrx_word' id='word_1_295' title='bbox 335 3664 474 3737; x_wconf 82' lang='grc' dir='ltr'><strong><em>παρόντες</em></strong></span> <span class='ocrx_word' id='word_1_296' title='bbox 486 3661 636 3720; x_wconf 81' lang='grc' dir='ltr'><strong><em>θεάσασθε</em></strong></span> <span class='ocrx_word' id='word_1_297' title='bbox 656 3664 717 3719; x_wconf 84' lang='lat' dir='ltr'>cod.</span> <span class='ocrx_word' id='word_1_298' title='bbox 732 3664 820 3722; x_wconf 83' lang='lat' dir='ltr'>Bekk.</span> <span class='ocrx_word' id='word_1_299' title='bbox 857 3665 913 3721; x_wconf 82' lang='lat' dir='ltr'>Sed</span> <span class='ocrx_word' id='word_1_300' title='bbox 927 3683 1018 3737; x_wconf 87' lang='lat' dir='ltr'>neque</span> <span class='ocrx_word' id='word_1_301' title='bbox 1032 3663 1170 3736; x_wconf 83' lang='grc' dir='ltr'><strong><em>παρόντες</em></strong></span> <span class='ocrx_word' id='word_1_302' title='bbox 1184 3667 1221 3721; x_wconf 92' lang='lat' dir='ltr'>ad</span> <span class='ocrx_word' id='word_1_303' title='bbox 1235 3665 1378 3722; x_wconf 86' lang='lat' dir='ltr'>auditores</span> <span class='ocrx_word' id='word_1_304' title='bbox 1392 3667 1513 3721; x_wconf 84' lang='lat' dir='ltr'>relatum</span> 
     </span>
     <span class='ocr_line' id='line_1_39' title="bbox 202 3752 1511 3826; baseline 0.003 -18"><span class='ocrx_word' id='word_1_305' title='bbox 202 3771 315 3808; x_wconf 87' lang='lat' dir='ltr'>sensum</span> <span class='ocrx_word' id='word_1_306' title='bbox 337 3754 467 3824; x_wconf 90' lang='lat' dir='ltr'>praebet,</span> <span class='ocrx_word' id='word_1_307' title='bbox 495 3769 565 3822; x_wconf 87' lang='lat' dir='ltr'>quoe</span> <span class='ocrx_word' id='word_1_308' title='bbox 589 3752 688 3807; x_wconf 88' lang='lat' dir='ltr'>adesse</span> <span class='ocrx_word' id='word_1_309' title='bbox 711 3755 930 3809; x_wconf 87' lang='lat' dir='ltr'>consentaneum</span> <span class='ocrx_word' id='word_1_310' title='bbox 953 3757 1008 3822; x_wconf 89' lang='lat' dir='ltr'>est,</span> <span class='ocrx_word' id='word_1_311' title='bbox 1038 3771 1130 3824; x_wconf 89' lang='lat' dir='ltr'>neque</span> <span class='ocrx_word' id='word_1_312' title='bbox 1153 3754 1337 3826; x_wconf 87' lang='lat' dir='ltr'>imperativus</span> <span class='ocrx_word' id='word_1_313' title='bbox 1360 3752 1511 3812; x_wconf 86' lang='grc' dir='ltr'><strong><em>θεάσασθε</em></strong></span> 
     </span>
     <span class='ocr_line' id='line_1_40' title="bbox 202 3841 1512 3914; baseline 0.003 -18"><span class='ocrx_word' id='word_1_314' title='bbox 202 3858 253 3896; x_wconf 89' lang='lat' dir='ltr'>suo</span> <span class='ocrx_word' id='word_1_315' title='bbox 276 3842 337 3897; x_wconf 88' lang='lat' dir='ltr'>iure</span> <span class='ocrx_word' id='word_1_316' title='bbox 361 3845 431 3910; x_wconf 84' lang='lat' dir='ltr'>stat,</span> <span class='ocrx_word' id='word_1_317' title='bbox 456 3861 519 3897; x_wconf 88' lang='lat' dir='ltr'>oum</span> <span class='ocrx_word' id='word_1_318' title='bbox 537 3841 708 3896; x_wconf 85' lang='lat' dir='ltr'>Archelaum</span> <span class='ocrx_word' id='word_1_319' title='bbox 725 3841 792 3896; x_wconf 90' lang='lat' dir='ltr'>huie</span> <span class='ocrx_word' id='word_1_320' title='bbox 811 3842 937 3898; x_wconf 82' lang='lat' dir='ltr'>contioni</span> <span class='ocrx_word' id='word_1_321' title='bbox 960 3844 1059 3898; x_wconf 82' lang='lat' dir='ltr'>adesse</span> <span class='ocrx_word' id='word_1_322' title='bbox 1083 3843 1204 3914; x_wconf 84' lang='lat' dir='ltr'>eogitari</span> <span class='ocrx_word' id='word_1_323' title='bbox 1226 3862 1284 3900; x_wconf 94' lang='lat' dir='ltr'>non</span> <span class='ocrx_word' id='word_1_324' title='bbox 1306 3845 1409 3914; x_wconf 87' lang='lat' dir='ltr'>possit,</span> <span class='ocrx_word' id='word_1_325' title='bbox 1433 3845 1512 3900; x_wconf 88' lang='lat' dir='ltr'>euius</span> 
     </span>
     <span class='ocr_line' id='line_1_41' title="bbox 202 3931 1512 4004; baseline 0.002 -18"><span class='ocrx_word' id='word_1_326' title='bbox 202 3931 379 3987; x_wconf 81' lang='lat' dir='ltr'>crudelitatis</span> <span class='ocrx_word' id='word_1_327' title='bbox 399 3931 603 4002; x_wconf 77' lang='lat' dir='ltr'>exemplatam</span> <span class='ocrx_word' id='word_1_328' title='bbox 622 3931 741 3998; x_wconf 87' lang='lat' dir='ltr'>exstare,</span> <span class='ocrx_word' id='word_1_329' title='bbox 760 3948 817 3985; x_wconf 90' lang='lat' dir='ltr'>non</span> <span class='ocrx_word' id='word_1_330' title='bbox 834 3931 895 3986; x_wconf 89' lang='lat' dir='ltr'>fieri</span> <span class='ocrx_word' id='word_1_331' title='bbox 913 3949 948 3986; x_wconf 84' lang='lat' dir='ltr'>ex</span> <span class='ocrx_word' id='word_1_332' title='bbox 966 3931 1180 4002; x_wconf 86' lang='lat' dir='ltr'>insequentibus</span> <span class='ocrx_word' id='word_1_333' title='bbox 1198 3935 1286 4003; x_wconf 86' lang='lat' dir='ltr'>patet.</span> <span class='ocrx_word' id='word_1_334' title='bbox 1323 3933 1427 3988; x_wconf 83' lang='lat' dir='ltr'>Reiske</span> <span class='ocrx_word' id='word_1_335' title='bbox 1441 3953 1512 4004; x_wconf 91' lang='grc' dir='ltr'><strong><em>παρ-</em></strong></span> 
     </span>
     <span class='ocr_line' id='line_1_42' title="bbox 202 4017 1513 4092; baseline 0.002 -18"><span class='ocrx_word' id='word_1_336' title='bbox 202 4017 271 4075; x_wconf 87' lang='grc' dir='ltr'><strong><em>όντα</em></strong></span> <span class='ocrx_word' id='word_1_337' title='bbox 288 4022 402 4075; x_wconf 81' lang='grc' dir='ltr'><strong><em>θεᾶσθε</em></strong></span> <span class='ocrx_word' id='word_1_338' title='bbox 423 4019 552 4087; x_wconf 85' lang='lat' dir='ltr'>oonieoit,</span> <span class='ocrx_word' id='word_1_339' title='bbox 572 4019 615 4074; x_wconf 89' lang='lat' dir='ltr'>ita</span> <span class='ocrx_word' id='word_1_340' title='bbox 627 4020 660 4072; x_wconf 89' lang='lat' dir='ltr'>ut</span> <span class='ocrx_word' id='word_1_341' title='bbox 677 4017 804 4088; x_wconf 87' lang='grc' dir='ltr'><strong><em>παρόντα</em></strong></span> <span class='ocrx_word' id='word_1_342' title='bbox 818 4021 857 4074; x_wconf 92' lang='lat' dir='ltr'>ad</span> <span class='ocrx_word' id='word_1_343' title='bbox 870 4023 962 4076; x_wconf 77' lang='grc' dir='ltr'><strong><em>αἴτιον</em></strong></span> <span class='ocrx_word' id='word_1_344' title='bbox 976 4021 1120 4078; x_wconf 82' lang='lat' dir='ltr'>referatur.</span> <span class='ocrx_word' id='word_1_345' title='bbox 1155 4021 1278 4086; x_wconf 80' lang='lat' dir='ltr'>Quorum</span> <span class='ocrx_word' id='word_1_346' title='bbox 1292 4021 1369 4092; x_wconf 87' lang='lat' dir='ltr'>prius</span> <span class='ocrx_word' id='word_1_347' title='bbox 1385 4018 1513 4092; x_wconf 85' lang='grc' dir='ltr'><strong><em>παρόντα</em></strong></span> 
     </span>
     <span class='ocr_line' id='line_1_43' title="bbox 202 4097 1151 4178; baseline 0.005 -16"><span class='ocrx_word' id='word_1_348' title='bbox 202 4107 324 4178; x_wconf 76' lang='lat' dir='ltr'>accipio,</span> <span class='ocrx_word' id='word_1_349' title='bbox 342 4125 393 4178; x_wconf 88' lang='lat' dir='ltr'>pro</span> <span class='ocrx_word' id='word_1_350' title='bbox 411 4100 562 4164; x_wconf 86' lang='grc' dir='ltr'><strong><em>θεάσασθε</em></strong></span> <span class='ocrx_word' id='word_1_351' title='bbox 582 4125 648 4163; x_wconf 86' lang='lat' dir='ltr'>vero</span> <span class='ocrx_word' id='word_1_352' title='bbox 666 4107 713 4162; x_wconf 84' lang='lat' dir='ltr'>vel</span> <span class='ocrx_word' id='word_1_353' title='bbox 730 4109 844 4164; x_wconf 81' lang='grc' dir='ltr'><strong><em>θεᾶσθε</em></strong></span> <span class='ocrx_word' id='word_1_354' title='bbox 865 4105 1029 4166; x_wconf 75' lang='grc' dir='ltr'><strong><em>ἐθεάσασθε</em></strong></span> <span class='ocrx_word' id='word_1_355' title='bbox 1050 4097 1151 4167; x_wconf 83' lang='lat' dir='ltr'>scribo.</span> 
     </span>
    </p>

    <p class='ocr_par' dir='ltr' id='par_1_25' title="bbox 273 4193 615 4267">
     <span class='ocr_line' id='line_1_44' title="bbox 273 4193 615 4267; baseline 0.003 -15"><span class='ocrx_word' id='word_1_356' title='bbox 273 4203 315 4252; x_wconf 76' lang='lat'>4⁷.</span> <span class='ocrx_word' id='word_1_357' title='bbox 336 4195 366 4252; x_wconf 77' lang='grc' dir='ltr'>οἰ</span> <span class='ocrx_word' id='word_1_358' title='bbox 382 4193 410 4251; x_wconf 89' lang='grc' dir='ltr'>δ’</span> <span class='ocrx_word' id='word_1_359' title='bbox 431 4196 546 4267; x_wconf 76' lang='grc' dir='ltr'><strong><em>ἀνδρῶν</em></strong></span> <span class='ocrx_word' id='word_1_360' title='bbox 564 4197 615 4253; x_wconf 87' lang='grc' dir='ltr'><strong><em>ΙιΖ.</em></strong></span> 
     </span>
    </p>

    <p class='ocr_par' dir='ltr' id='par_1_26' title="bbox 202 4284 1513 4446">
     <span class='ocr_line' id='line_1_45' title="bbox 273 4284 1513 4361; baseline 0.004 -21"><span class='ocrx_word' id='word_1_361' title='bbox 273 4292 315 4341; x_wconf 83' lang='lat'>48.</span> <span class='ocrx_word' id='word_1_362' title='bbox 335 4284 369 4341; x_wconf 79' lang='lat' dir='ltr'>erl</span> <span class='ocrx_word' id='word_1_363' title='bbox 385 4285 418 4342; x_wconf 80' lang='grc' dir='ltr'>δέ</span> <span class='ocrx_word' id='word_1_364' title='bbox 431 4285 510 4353; x_wconf 79' lang='grc' dir='ltr'><strong><em>ΑΒΙι,</em></strong></span> <span class='ocrx_word' id='word_1_365' title='bbox 529 4285 624 4340; x_wconf 85' lang='lat' dir='ltr'>Reisk.</span> <span class='ocrx_word' id='word_1_366' title='bbox 645 4286 732 4341; x_wconf 86' lang='lat' dir='ltr'>Behk.</span> <span class='ocrx_word' id='word_1_367' title='bbox 761 4284 791 4342; x_wconf 82' lang='lat' dir='ltr'>el</span> <span class='ocrx_word' id='word_1_368' title='bbox 807 4285 840 4342; x_wconf 76' lang='grc' dir='ltr'>δέ</span> <span class='ocrx_word' id='word_1_369' title='bbox 859 4288 886 4344; x_wconf 91' lang='grc' dir='ltr'>Ζ,</span> <span class='ocrx_word' id='word_1_370' title='bbox 914 4285 943 4342; x_wconf 83' lang='lat' dir='ltr'>ol</span> <span class='ocrx_word' id='word_1_371' title='bbox 960 4285 993 4342; x_wconf 83' lang='grc' dir='ltr'>δέ</span> <span class='ocrx_word' id='word_1_372' title='bbox 1012 4287 1187 4342; x_wconf 86' lang='lat' dir='ltr'>referendum</span> <span class='ocrx_word' id='word_1_373' title='bbox 1207 4289 1306 4343; x_wconf 90' lang='lat' dir='ltr'>estad</span> <span class='ocrx_word' id='word_1_374' title='bbox 1325 4288 1444 4361; x_wconf 82' lang='grc' dir='ltr'><strong><em>πατέρες</em></strong></span> <span class='ocrx_word' id='word_1_375' title='bbox 1463 4290 1513 4345; x_wconf 78' lang='grc' dir='ltr'>καλ</span> 
     </span>
     <span class='ocr_line' id='line_1_46' title="bbox 202 4373 1495 4446; baseline 0.002 -17"><span class='ocrx_word' id='word_1_376' title='bbox 202 4373 327 4445; x_wconf 82' lang='grc' dir='ltr'><strong><em>μητέρες,</em></strong></span> <span class='ocrx_word' id='word_1_377' title='bbox 345 4373 442 4443; x_wconf 87' lang='lat' dir='ltr'>itaque</span> <span class='ocrx_word' id='word_1_378' title='bbox 461 4391 514 4444; x_wconf 84' lang='lat' dir='ltr'>ego</span> <span class='ocrx_word' id='word_1_379' title='bbox 533 4391 597 4428; x_wconf 89' lang='lat' dir='ltr'>oum</span> <span class='ocrx_word' id='word_1_380' title='bbox 615 4375 755 4431; x_wconf 86' lang='lat' dir='ltr'>deteriore</span> <span class='ocrx_word' id='word_1_381' title='bbox 773 4374 888 4444; x_wconf 88' lang='lat' dir='ltr'>quidem</span> <span class='ocrx_word' id='word_1_382' title='bbox 906 4374 1003 4429; x_wconf 84' lang='lat' dir='ltr'>codiee</span> <span class='ocrx_word' id='word_1_383' title='bbox 1020 4376 1208 4432; x_wconf 81' lang='lat' dir='ltr'>masculinum</span> <span class='ocrx_word' id='word_1_384' title='bbox 1225 4377 1315 4446; x_wconf 89' lang='lat' dir='ltr'>posui.</span> <span class='ocrx_word' id='word_1_385' title='bbox 1494 4398 1495 4402; x_wconf 44' lang='lat'>¹</span> 
     </span>
    </p>

    <p class='ocr_par' dir='ltr' id='par_1_27' title="bbox 272 4459 1062 4535">
     <span class='ocr_line' id='line_1_47' title="bbox 272 4459 1062 4535; baseline 0.005 -18"><span class='ocrx_word' id='word_1_386' title='bbox 272 4470 315 4519; x_wconf 83' lang='lat'>49.</span> <span class='ocrx_word' id='word_1_387' title='bbox 335 4461 365 4517; x_wconf 79' lang='lat' dir='ltr'>ol</span> <span class='ocrx_word' id='word_1_388' title='bbox 380 4461 433 4534; x_wconf 78' lang='grc' dir='ltr'><strong><em>μέν</em></strong></span> <span class='ocrx_word' id='word_1_389' title='bbox 451 4463 483 4517; x_wconf 84' lang='grc' dir='ltr'>Α.</span> <span class='ocrx_word' id='word_1_390' title='bbox 520 4459 609 4534; x_wconf 79' lang='grc' dir='ltr'><strong><em>ὁμέν</em></strong></span> <span class='ocrx_word' id='word_1_391' title='bbox 628 4463 703 4518; x_wconf 84' lang='grc' dir='ltr'><strong><em>ΒΙιΖ.</em></strong></span> <span class='ocrx_word' id='word_1_392' title='bbox 740 4461 773 4518; x_wconf 81' lang='grc' dir='ltr'>αἱ</span> <span class='ocrx_word' id='word_1_393' title='bbox 790 4463 842 4535; x_wconf 85' lang='grc' dir='ltr'><strong><em>μὲν</em></strong></span> <span class='ocrx_word' id='word_1_394' title='bbox 860 4463 955 4519; x_wconf 80' lang='lat' dir='ltr'>Reish.</span> <span class='ocrx_word' id='word_1_395' title='bbox 973 4464 1062 4523; x_wconf 81' lang='lat' dir='ltr'>Bekk.</span> 
     </span>
    </p>

    <p class='ocr_par' dir='ltr' id='par_1_28' title="bbox 273 4546 888 4620">
     <span class='ocr_line' id='line_1_48' title="bbox 273 4546 888 4620; baseline 0.003 -14"><span class='ocrx_word' id='word_1_396' title='bbox 273 4557 315 4608; x_wconf 90' lang='grc'>50.</span> <span class='ocrx_word' id='word_1_397' title='bbox 336 4549 365 4608; x_wconf 82' lang='lat' dir='ltr'>ol</span> <span class='ocrx_word' id='word_1_398' title='bbox 382 4547 410 4608; x_wconf 87' lang='grc' dir='ltr'>δ’</span> <span class='ocrx_word' id='word_1_399' title='bbox 430 4551 486 4608; x_wconf 82' lang='grc' dir='ltr'>ΑΒ.</span> <span class='ocrx_word' id='word_1_400' title='bbox 519 4550 552 4608; x_wconf 77' lang='grc' dir='ltr'>αἱ</span> <span class='ocrx_word' id='word_1_401' title='bbox 568 4546 601 4606; x_wconf 70' lang='grc' dir='ltr'>δ’</span> <span class='ocrx_word' id='word_1_402' title='bbox 616 4551 667 4620; x_wconf 87' lang='lat' dir='ltr'>LZ,</span> <span class='ocrx_word' id='word_1_403' title='bbox 686 4551 781 4608; x_wconf 84' lang='lat' dir='ltr'>Reisk.</span> <span class='ocrx_word' id='word_1_404' title='bbox 801 4551 888 4608; x_wconf 82' lang='lat' dir='ltr'>Bekk.</span> 
     </span>
    </p>

    <p class='ocr_par' dir='ltr' id='par_1_29' title="bbox 272 4637 1367 4715">
     <span class='ocr_line' id='line_1_49' title="bbox 272 4637 1367 4715; baseline 0.003 -20"><span class='ocrx_word' id='word_1_405' title='bbox 272 4645 315 4695; x_wconf 88' lang='grc'>51.</span> <span class='ocrx_word' id='word_1_406' title='bbox 335 4637 549 4712; x_wconf 78' lang='grc' dir='ltr'><strong><em>διαρπαζόμενοι</em></strong></span> <span class='ocrx_word' id='word_1_407' title='bbox 566 4639 661 4696; x_wconf 74' lang='lat' dir='ltr'>Reisk.</span> <span class='ocrx_word' id='word_1_408' title='bbox 680 4641 768 4697; x_wconf 81' lang='lat' dir='ltr'>Bekh.</span> <span class='ocrx_word' id='word_1_409' title='bbox 806 4637 994 4712; x_wconf 80' lang='grc' dir='ltr'><strong><em>διαλεξόμενοι</em></strong></span> <span class='ocrx_word' id='word_1_410' title='bbox 1013 4642 1069 4697; x_wconf 85' lang='grc' dir='ltr'>ΑΒ.</span> <span class='ocrx_word' id='word_1_411' title='bbox 1107 4639 1297 4715; x_wconf 83' lang='grc' dir='ltr'><strong><em>διαδεξόμενα</em></strong></span> <span class='ocrx_word' id='word_1_412' title='bbox 1316 4644 1367 4699; x_wconf 84' lang='grc' dir='ltr'><strong><em>ΙιΖ.</em></strong></span> 
     </span>
    </p>

    <p class='ocr_par' dir='ltr' id='par_1_30' title="bbox 271 4729 1041 4801">
     <span class='ocr_line' id='line_1_50' title="bbox 271 4729 1041 4801; baseline 0.003 -17"><span class='ocrx_word' id='word_1_413' title='bbox 271 4733 314 4784; x_wconf 81' lang='lat' dir='ltr'>ta</span> <span class='ocrx_word' id='word_1_414' title='bbox 334 4731 476 4801; x_wconf 84' lang='grc' dir='ltr'><strong><em>προσῆκεν</em></strong></span> <span class='ocrx_word' id='word_1_415' title='bbox 496 4730 524 4798; x_wconf 85' lang='grc' dir='ltr'>Ζ,</span> <span class='ocrx_word' id='word_1_416' title='bbox 542 4729 637 4786; x_wconf 75' lang='lat' dir='ltr'>Reisk.</span> <span class='ocrx_word' id='word_1_417' title='bbox 657 4730 746 4785; x_wconf 83' lang='lat' dir='ltr'>Behk.</span> <span class='ocrx_word' id='word_1_418' title='bbox 782 4733 926 4801; x_wconf 81' lang='grc' dir='ltr'><strong><em>προσῆκον</em></strong></span> <span class='ocrx_word' id='word_1_419' title='bbox 947 4733 1041 4787; x_wconf 81' lang='lat' dir='ltr'>ceteri.</span> 
     </span>
    </p>

    <p class='ocr_par' dir='ltr' id='par_1_31' title="bbox 273 4813 1511 4894">
     <span class='ocr_line' id='line_1_51' title="bbox 273 4813 1511 4894; baseline 0.005 -21"><span class='ocrx_word' id='word_1_420' title='bbox 273 4823 315 4873; x_wconf 83' lang='grc'>53,</span> <span class='ocrx_word' id='word_1_421' title='bbox 333 4813 352 4888; x_wconf 82' lang='grc' dir='ltr'><em>ἡ</em></span> <span class='ocrx_word' id='word_1_422' title='bbox 371 4814 470 4888; x_wconf 83' lang='grc' dir='ltr'><strong><em>νεότης</em></strong></span> <span class='ocrx_word' id='word_1_423' title='bbox 488 4818 554 4876; x_wconf 90' lang='lat' dir='ltr'>dedi</span> <span class='ocrx_word' id='word_1_424' title='bbox 577 4837 627 4890; x_wconf 87' lang='lat' dir='ltr'>pro</span> <span class='ocrx_word' id='word_1_425' title='bbox 652 4819 781 4875; x_wconf 88' lang='lat' dir='ltr'>eodieum</span> <span class='ocrx_word' id='word_1_426' title='bbox 803 4819 926 4876; x_wconf 85' lang='lat' dir='ltr'>lectione</span> <span class='ocrx_word' id='word_1_427' title='bbox 949 4817 1094 4893; x_wconf 75' lang='grc' dir='ltr'><strong><em>όσαότιος,</em></strong></span> <span class='ocrx_word' id='word_1_428' title='bbox 1116 4823 1192 4890; x_wconf 91' lang='lat' dir='ltr'>quod</span> <span class='ocrx_word' id='word_1_429' title='bbox 1210 4839 1245 4878; x_wconf 92' lang='lat' dir='ltr'>ex</span> <span class='ocrx_word' id='word_1_430' title='bbox 1262 4822 1313 4878; x_wconf 91' lang='lat' dir='ltr'>illo</span> <span class='ocrx_word' id='word_1_431' title='bbox 1331 4841 1382 4894; x_wconf 90' lang='lat' dir='ltr'>per</span> <span class='ocrx_word' id='word_1_432' title='bbox 1400 4823 1511 4879; x_wconf 81' lang='lat' dir='ltr'>scribae</span> 
     </span>
    </p>
   </div>
   <div class='ocr_carea' id='block_1_5' title="bbox 0 0 1790 5472">
    <p class='ocr_par' dir='ltr' id='par_1_32' title="bbox 0 0 1790 5472">
     <span class='ocr_line' id='line_1_52' title="bbox 0 0 1790 5472; baseline 0 0"><span class='ocrx_word' id='word_1_433' title='bbox 0 0 1790 5472; x_wconf 95' lang='lat' dir='ltr'> </span> 
     </span>
    </p>
   </div>
  </div>
 </body>
</html>
