3572 5472
790 250 831 322 „⁴
876 275 918 339 39
965 312 1006 322 .-

241 436 488 504 Laeedaemonii
520 436 561 500 ab
588 435 630 500 iis
659 435 890 521 expetiverunt.
946 433 980 500 Si
1010 455 1087 500 vero
1114 435 1202 500 saevi
1225 435 1352 519 imperii
1376 434 1550 500 Athenien-

109 587 112 600 ,
242 544 332 609 sibus
359 543 496 608 iniuncti
525 542 709 626 exemplum
736 542 802 607 iam
831 542 995 625 exstabat,
1023 541 1138 606 inutile
1167 546 1237 606 erat
1264 543 1431 608 clementis
1454 538 1550 607 Laee-

242 649 486 715 daemoniorum
503 650 704 734 principatus
724 648 873 733 exempla
892 649 1014 733 afferre,
1033 651 1066 712 et
1085 649 1233 732 quamvis
1252 649 1358 733 multi,
1376 649 1411 714 in
1430 650 1548 734 quibus

241 757 432 842 Xenophon,
450 757 501 822 vel
520 756 594 821 inde
612 754 942 822 Lacedaemoniorum
961 756 1059 820 rebus
1078 747 1224 820 farciam
1243 758 1419 840 servarent,
1438 759 1553 820 tamen·

239 863 302 928 hoc
333 867 478 948 tempore
511 861 707 949 oligarchias
740 862 781 927 ab
813 861 853 926 iis
887 861 1016 926 institui
1048 883 1089 925 ne
1122 864 1232 926 orator
1266 862 1396 946 quidem
1427 881 1548 947 negare

239 974 375 1054 poterat.

328 1075 516 1142 Adversarii
539 1080 662 1158 contra,
684 1097 725 1140 ne
749 1098 768 1140 a
792 1073 1055 1141 Lacedaemoniis
1080 1075 1314 1160 opprimantur,
1343 1075 1408 1140 iam
1431 1077 1550 1141 timent

241 1185 274 1246 et
309 1204 485 1267 paucorum
512 1184 650 1269 imperia
683 1205 738 1248 eos
771 1183 890 1267 ubique
923 1183 1119 1248 constituere
1151 1183 1279 1249 crimini
1312 1183 1399 1248 dant.
1459 1181 1548 1260 Quae

243 1291 477 1355 sententiarum
493 1290 710 1374 discrepantia
727 1290 864 1369 tollitur,
884 1291 912 1354 si
932 1290 1133 1355 adversarios
1153 1291 1211 1355 illa
1225 1291 1259 1354 in
1274 1291 1389 1356 insulis
1405 1290 1548 1355 facinore

240 1405 273 1460 et
295 1396 429 1462 iniurias
453 1395 613 1482 Lysandri
637 1401 783 1481 spectare
807 1396 997 1480 statuimus,
1020 1417 1100 1481 quae
1124 1400 1235 1462 orator
1256 1419 1322 1462 non
1346 1397 1414 1462 aine
1439 1397 1549 1481 aliqua

240 1503 445 1568 excusatione
468 1503 697 1587 praetermisit.
743 1502 863 1569 Statim
887 1503 973 1568 enim
992 1523 1101 1588 pugna
1120 1502 1160 1568 ad
1179 1501 1441 1588 Aegospotamos
1461 1525 1547 1569 com-

240 1609 343 1674 missa
365 1609 399 1673 in
422 1610 557 1675 urbibus
581 1612 615 1674 et
637 1609 752 1674 insulis
776 1609 908 1694 ubique,
937 1631 1016 1694 ques
1046 1629 1146 1693 supra
1169 1611 1434 1694 commemoravi,
1457 1633 1548 1694 prae-

238 1715 341 1780 fectos
365 1713 529 1802 Lysander
558 1719 592 1781 et
618 1715 816 1780 decemviros
845 1737 884 1779 ex
906 1714 1103 1781 factionibus
1129 1716 1245 1801 lectos,
1275 1717 1464 1802 quibuscum
1493 1717 1548 1782 diu

238 1825 310 1886 erat
332 1821 534 1907 coniunctus,
557 1822 729 1888 instituere
753 1821 870 1906 eoepit.
917 1821 955 1888 cf.
979 1820 1064 1886 Plut.
1086 1845 1115 1887 v.
1138 1821 1214 1906 Lys.
1240 1824 1290 1890 13.

327 1929 442 2014 Itaque
475 1949 547 1994 oum
580 1932 807 2014 argumentum
839 1932 988 1994 nostrum
1025 1929 1059 1993 in
1095 1929 1175 1994 illud
1211 1930 1368 2014 temporis
1405 1931 1548 2014 spatium

240 2036 353 2102 eadere
376 2036 648 2102 verisimillimum
671 2057 742 2100 esse
765 2036 926 2118 videatur,
954 2035 1040 2120 quod
1068 2035 1135 2101 fere
1163 2058 1272 2102 mense
1295 2035 1446 2124 Augusto
1471 2037 1548 2102 anni

238 2141 304 2208 405
328 2147 361 2208 et
383 2163 493 2208 mense
512 2141 694 2226 Septembri
718 2142 794 2208 anni
812 2141 879 2208 404
902 2143 1097 2228 continetur,
1120 2147 1232 2230 restat,
1255 2147 1293 2209 ut
1316 2145 1546 2228 examinemus,

237 2272 315 2315 num
342 2251 485 2335 reliquae
514 2270 642 2333 quoque
671 2249 828 2314 orationis
855 2253 987 2316 nostrae
1016 2248 1250 2333 descriptiones
1277 2250 1311 2315 in
1333 2251 1396 2316 hoc
1418 2255 1547 2336 tempus

238 2357 406 2440 quadrent.

326 2463 371 2528 Et
397 2463 538 2547 primum
566 2461 709 2546 quidem,
743 2481 824 2546 quae
848 2462 887 2526 de
911 2461 1098 2528 Thessaliae
1124 2464 1222 2528 rebus
1245 2467 1465 2548 exponuntur,
1494 2487 1547 2530 ex-

238 2569 406 2635 cutiamus.
464 2568 659 2654 Argumenti
692 2569 867 2653 explicatio
900 2569 1010 2636 docuit
1047 2570 1086 2634 de
1123 2571 1285 2635 communi
1317 2572 1546 2637 Thessalorum

238 2677 406 2761 republica
422 2697 489 2742 non
507 2676 571 2762 agi,
590 2674 646 2740 sed
660 2673 836 2760 Larissam,
856 2699 1040 2760 quanquam
1060 2677 1188 2743 concilii
1208 2677 1315 2742 sedem
1336 2675 1405 2764 (Du
1419 2677 1547 2765 Mesnil,

239 2783 277 2847 de
299 2783 395 2848 rebus
414 2781 611 2847 Pharsalicis
630 2803 661 2866 p.
680 2777 749 2868 21),
773 2786 805 2847 et
828 2783 941 2847 urbem
959 2780 1146 2849 Thessaliae
1169 2783 1418 2870 nobilissimam,
1441 2785 1546 2870 ipsius

238 2893 366 2954 tantum
390 2893 423 2954 et
444 2888 581 2954 tetradis
605 2909 681 2952 suae
705 2887 818 2954 salutis
841 2889 1002 2954 rationem
1020 2889 1150 2955 habere.
1186 2889 1412 2974 Dynastarum
1432 2892 1546 2957 deinde

237 2996 417 3081 imperium,
439 2995 524 3081 quod
547 2991 667 3078 ubique
689 2993 879 3059 Thessaliae
902 2995 1044 3081 vigebat,
1066 2995 1216 3061 Larissae
1239 2997 1294 3062 diu
1317 2998 1546 3082 impugnatum

238 3103 370 3168 tandem
395 3125 414 3167 a
431 3103 606 3168 nobilitate
624 3100 842 3166 multitudinis
861 3100 984 3166 viribus
1004 3105 1100 3168 aucta
1114 3123 1271 3188 eversum,
1290 3107 1323 3168 et
1337 3105 1545 3187 optimatium

238 3211 409 3294 imperium
432 3210 621 3275 institutum
644 3211 707 3294 est,
736 3208 822 3292 quod
845 3212 956 3274 tamen
978 3231 1044 3274 non
1068 3209 1123 3274 diu
1147 3210 1250 3294 stetit,
1279 3211 1335 3275 sed
1359 3233 1378 3274 a
1401 3211 1546 3294 dynastis

238 3341 309 3383 cum
324 3315 486 3384 Archelao
505 3316 686 3381 coniunctis
705 3335 896 3400 oppressum
915 3318 974 3380 est.
1009 3315 1124 3398 Itaque
1143 3317 1355 3401 dynastarum
1374 3317 1545 3402 imperium

237 3425 426 3490 rest'tutum
457 3427 521 3506 est,
553 3427 601 3508 et,
633 3445 705 3488 cum
720 3411 721 3418 ¹
738 3423 985 3488 Lacedaemonii
1018 3423 1209 3488 societatem
1241 3423 1391 3505 offerunt,
1427 3425 1544 3492 iterum

237 3530 368 3614 seditio,
396 3529 549 3596 Archelai
571 3529 666 3594 malis
691 3529 815 3594 artibus
839 3529 1012 3611 concitata,
1041 3535 1097 3594 aut
1125 3535 1211 3610 orta,
1240 3535 1297 3595 aut
1325 3532 1448 3598 oritura
1475 3553 1545 3597 esse

236 3637 374 3723 videtin,
402 3638 436 3702 in
462 3658 525 3722 qua
547 3635 669 3701 milites
693 3636 884 3701 mercenarii
906 3637 1041 3702 maximi
1064 3637 1222 3703 momenti
1246 3641 1324 3702 sunt
1347 3642 1380 3704 et
1402 3639 1545 3704 civitatis

237 3765 315 3828 opes
338 3743 543 3809 exhauriant.

325 3850 416 3916 Talis
439 3870 516 3916 vero
538 3870 646 3915 rarum
666 3847 855 3916 Thessaliae
874 3850 1046 3917 dissolutio
1066 3853 1100 3919 et,
1116 3850 1360 3917 Larissaeorum
1382 3851 1544 3935 separatio

236 3960 423 4042 pertatem
451 3957 529 4022 belli
556 3955 822 4040 Peloponnesiaci
850 3959 991 4021 aetatem
1019 3956 1090 4021 fuit.
1141 3955 1266 4021 Foedus
1295 3957 1380 4021 enim
1408 3956 1544 4022 Thessa·

237 4065 343 4130 lorum
367 4068 400 4130 et
423 4087 606 4148 commune,
629 4063 715 4148 quod
738 4061 871 4147 dicitur,
898 4064 949 4127 vel
972 4063 1145 4128 concilium
1169 4085 1239 4128 esse
1261 4085 1328 4128 non
1350 4067 1492 4148 poterat,
1516 4063 1544 4128 si

236 4173 367 4254 praetor
391 4167 518 4256 (τάγος)
541 4171 665 4256 deerat,
694 4169 749 4254 qui
777 4173 969 4236 convocaret
996 4173 1030 4234 et
1058 4170 1155 4234 rebus
1183 4169 1323 4254 publicis
1351 4169 1545 4255 provideret.

236 4276 371 4342 Praetor
391 4281 500 4342 autem
519 4299 613 4363 saepe
632 4277 748 4361 diuque
767 4275 870 4342 defuit
889 4280 923 4341 et
940 4277 1026 4340 inter
1045 4275 1291 4342 Echecratidam
1311 4272 1424 4361 (Thuo.
1442 4276 1459 4340 I
1480 4277 1541 4340 111
1562 4328 1565 4333 s

236 4383 416 4449 Θεσσαλῶν
438 4379 607 4470 βασιλεύς)
632 4386 665 4448 et
682 4383 833 4450 Iasonem
854 4383 1018 4448 exstitisse
1035 4404 1099 4448 non
1120 4383 1257 4448 videtur.
1294 4381 1432 4466 Scopam
1456 4381 1543 4447 enim

238 4513 257 4556 a
287 4491 504 4576 Xenophonte
535 4490 622 4556 Hell.
653 4487 701 4554 VI
736 4491 764 4575 1,
798 4490 838 4556 19
875 4493 1162 4555 commemoratum
1198 4507 1265 4554 non
1296 4489 1432 4554 eundem
1464 4511 1543 4574 esse,

237 4619 333 4682 qnam
364 4596 450 4682 Cyro
479 4595 601 4664 Minori
630 4596 751 4662 monile
780 4597 960 4680 pretiosum
990 4597 1118 4662 misisse
1148 4596 1250 4660 tradit
1279 4596 1435 4660 Aelianus
1466 4594 1543 4661 Ver.

236 4704 324 4771 Hist.
346 4703 410 4770 XII
434 4706 463 4788 1,
488 4704 521 4769 id
545 4703 631 4790 quod
654 4702 834 4768 Buttmann
856 4700 1047 4790 (Aleuaden,
1069 4702 1284 4788 Mythologus
1307 4701 1340 4768 H
1361 4725 1392 4787 p.
1407 4699 1486 4788 273)
1510 4705 1542 4766 et

236 4809 289 4876 Du
317 4810 433 4876 Mesnil
461 4809 496 4896 (l.
520 4832 545 4877 c.
572 4833 603 4896 p.
627 4806 686 4897 22)
713 4810 929 4896 erediderunt,
962 4811 1017 4876 sed
1045 4814 1102 4877 aut
1129 4807 1268 4894 Scopam
1295 4807 1541 4895 intelligendum
