3572 5472
813 313 1033 378 ..12-

263 483 385 523 errorem
408 467 515 524 factum
538 485 600 524 esa
622 469 699 538 puto.
737 469 853 524 Sensum
875 469 945 524 satis
963 469 1068 524 bonum
1086 469 1196 526 Iteislsii
1214 489 1325 542 quoque
1344 475 1463 542 praebet
1481 491 1572 530 emen·

264 556 355 624 detio,
375 557 424 626 qui
442 556 510 613 addi
528 558 591 613 vult
606 575 704 614 vocem
722 555 740 628 ἡ
760 554 893 628 ὀρφανία.

335 652 378 702 td.
397 643 552 712 ἐθίλοντας
570 646 645 703 sLZ.
684 643 837 712 ἐθελοντάς
855 648 886 715 Β,
905 646 1000 703 Reisk.
1019 647 1107 702 Bekk.

334 741 376 790 55.
396 733 513 800 τοότους
530 735 586 790 AB.
624 733 734 802 τούτοις
753 737 847 806 ceteri,
866 737 960 792 Reislr.

335 831 376 882 56.
397 833 457 890 τοῖς
474 827 726 899 Πελοποννησίοις]
746 824 844 890 αότοῖς
862 823 899 897 μὴ
919 829 1064 898 πολεμίοις
1082 826 1109 881 Ζ.

335 919 378 971 57.
397 911 610 986 πολεμήσαντας
628 915 689 970 cod.
727 912 995 986 συμπολεμήσοντας
1012 914 1107 971 Beisk.
1127 915 1215 972 Bekk.

334 1009 377 1060 58.
396 1008 530 1075 πολεμεῖν
550 1003 580 1058 Ζ.

335 1099 377 1150 69.
397 1091 490 1147 Nimis
514 1092 665 1163 abruptum
688 1093 892 1148 sententiarum
916 1110 1072 1148 connexum
1094 1093 1227 1149 Reiskius
1249 1097 1414 1166 paraphrasi
1438 1100 1574 1170 explicari

263 1199 345 1252 posse
363 1185 454 1252 putet,
473 1182 515 1237 ita
533 1184 565 1236 ut
579 1181 668 1252 fingat
686 1183 781 1237 orator
794 1185 890 1237 noster
909 1184 1101 1238 occurrentem
1119 1182 1175 1237 sibi
1191 1183 1323 1253 aliquem,
1343 1186 1392 1255 qui
1405 1190 1482 1242 recte
1496 1187 1575 1243 dicat

263 1271 431 1326 Archelaum
449 1270 550 1326 fecisse
575 1288 653 1325 arma
676 1289 727 1326 sua
745 1289 808 1326 cum
825 1271 1093 1340 Peloponnesiorum
1113 1271 1198 1326 armis
1218 1274 1379 1330 consociare
1396 1279 1573 1349 recusantem

263 1361 362 1414 contra
379 1359 579 1428 Athenienses,
603 1377 621 1414 a
643 1361 744 1429 quibus
767 1361 847 1416 nulla
870 1359 974 1416 iniuria
998 1360 1115 1416 affectus
1138 1360 1246 1416 fuisset.
1285 1362 1362 1428 Quae
1385 1366 1482 1420 tamen
1499 1366 1572 1420 ratio

263 1449 424 1519 explicandi
446 1449 517 1504 mihi
541 1467 598 1504 non
621 1449 769 1506 satisfacit.
806 1451 845 1504 Ut
867 1449 942 1505 enim
965 1450 1095 1506 omittam
1117 1450 1227 1505 nullum
1250 1455 1360 1508 exstare
1384 1453 1496 1524 signum
1513 1454 1572 1508 dia-

264 1538 360 1608 logum
378 1538 432 1593 hoc
450 1539 513 1594 loco
532 1538 657 1608 institui,
676 1539 722 1596 vel
740 1539 935 1609 hypophoram
952 1538 1061 1606 induci,
1080 1556 1137 1593 non
1155 1541 1299 1610 hebemus,
1319 1543 1394 1610 quod
1413 1543 1573 1612 oppositum

263 1627 301 1682 sit
318 1627 381 1683 voci
399 1624 467 1699 ἡμῖν
485 1626 531 1698 δέ,
556 1630 592 1682 et·
607 1645 670 1682 cum
688 1627 820 1684 Archelai
837 1627 945 1682 mentio
962 1629 1044 1682 tanto
1063 1631 1129 1683 ante
1148 1628 1226 1684 facta
1245 1630 1295 1700 eit,
1315 1631 1460 1686 obscurior
1477 1635 1574 1688 manet

263 1716 367 1783 oratio,
392 1734 476 1785 quem
499 1719 532 1771 ut
556 1734 654 1772 senum
677 1717 751 1772 hunc
774 1718 868 1772 locum
892 1734 953 1772 esse
971 1719 1072 1786 putare
1091 1717 1240 1786 possimus.
1278 1721 1378 1790 Itaque
1396 1721 1499 1776 lacuna
1517 1724 1572 1776 sta-

262 1807 369 1862 tuenda
387 1809 417 1860 et
440 1805 480 1861 eis
504 1807 563 1861 fere
580 1805 675 1861 verbis
694 1807 833 1876 explenda
850 1823 912 1860 esse
930 1805 1002 1860 mihi
1019 1805 1145 1873 videtur,
1169 1824 1242 1874 quae
1261 1825 1346 1878 supra
1364 1809 1444 1865 uncis
1462 1810 1572 1866 inclusi.

334 1903 376 1951 60.
396 1891 576 1966 ἠδικούμεθα
595 1894 650 1950 ΑΒ,
689 1890 870 1966 όδικοόμεδα
888 1893 945 1960 LZ,
963 1892 1059 1948 Reisk.
1080 1893 1168 1950 Bekk.
1199 1895 1233 1950 cf.
1253 1890 1316 1951 ἀλλ’
1336 1894 1504 1954 ἀδικεῖσθαι
1522 1897 1574 1970 μὲν

231 2001 233 2006 ·
263 1981 404 2055 cerame
1362 2007 1363 2012 ¹
1653 1977 1655 1985 ’

334 2081 375 2128 61.
396 2069 485 2129 sudrei
503 2073 559 2128 AB.
587 2073 681 2128 Reisk.
702 2072 789 2129 Beklx.
827 2073 917 2128 ταῦτα
934 2071 985 2126 ΙιΖ.

334 2169 375 2217 62.
397 2159 560 2236 βουλόμεθα
578 2161 657 2230 ABL,
675 2161 770 2216 Reiek.
810 2159 1009 2236 βουλησόμεδα
1028 2161 1056 2228 Ζ,
1075 2161 1162 2217 Bekis.

334 2258 375 2306 63.
395 2251 491 2314 κακῶς
508 2243 579 2306 Aes
602 2252 694 2314 καλῶς
717 2251 773 2318 LZ,
796 2249 890 2306 Beiols.
910 2251 998 2307 Bekk„
1019 2283 1052 2292 -
1072 2247 1183 2320 Πολλὴν
1206 2247 1264 2320 όρα
1287 2253 1395 2306 δειλίαν
1418 2249 1574 2324 ποιήσομεν

262 2337 369 2394 ironice
388 2337 495 2393 dictum
514 2341 566 2405 est,
584 2337 682 2406 itaque
701 2354 765 2392 cum
784 2337 898 2406 optimis
917 2335 1062 2392 codicibus
1082 2339 1176 2403 κακῶς
1195 2337 1381 2394 scribendum.

334 2433 375 2484 64.
396 2424 467 2498 ὑπέρ
487 2427 514 2481 Ζ.

334 2522 375 2573 tt.
395 2512 446 2572 τόν
461 2513 599 2588 πρότερον
609 2511 743 2586 Μηδικόν
758 2516 818 2572 cod.
833 2515 928 2570 Reiek.
957 2516 1063 2570 Vocem
1077 2513 1215 2588 πρότερον
1229 2517 1341 2574 Bekkcr
1354 2517 1434 2574 uncis
1449 2519 1572 2586 inclusit,

264 2623 317 2675 ego
337 2605 437 2662 delevi.

334 2702 376 2751 66.
397 2690 444 2751 ἐπ’
460 2697 521 2766 ίσης
535 2693 657 2749 coniecit
665 2693 778 2762 Reiske‚
794 2689 841 2750 iul
854 2689 946 2763 πόσης
959 2691 1019 2748 cod.
1030 2693 1118 2750 Bekk.
1148 2693 1335 2765 Comparatio,
1350 2713 1422 2765 quae
1437 2696 1572 2766 seqnitur,

261 2784 372 2840 Reielsii
391 2783 617 2840 emendationem
636 2783 807 2852 comprobat,
827 2783 884 2845 πός
902 2781 978 2836 enim
995 2781 1075 2837 notio
1094 2785 1145 2850 est,
1165 2783 1211 2838 cui
1229 2785 1369 2854 gradatio,
1387 2785 1433 2840 vel
1451 2783 1571 2840 minutio

262 2873 392 2928 adhiberi
409 2890 467 2928 non
484 2872 583 2944 possit.

332 2969 374 3018 67.
395 2959 533 3034 ὑμετέραν
551 2961 583 3016 Α.
621 2958 762 3033 ἡμετέραν
782 2959 881 3027 ceteri,
900 2959 994 3016 Reirk.
1014 2959 1102 3015 Bekk.

272 3073 274 3080 ·
333 3057 374 3107 68.
394 3049 529 3114 θέλοντες
548 3055 573 3106 ς.

334 3147 375 3195 69.
397 3134 427 3202 ός
446 3160 493 3210 μοι
511 3139 605 3194 Reisk.
624 3138 713 3214 Bekk.
751 3133 768 3192 ὅ
787 3143 834 3209 μὀι
852 3135 930 3192 ΑΒΙι.
968 3131 1067 3208 ὅμοιον
1087 3137 1114 3192 Ζ.

334 3235 375 3284 70.
395 3223 414 3283 ἃ
431 3225 485 3298 ἐμοὶ
499 3227 571 3299 λέγω
586 3235 643 3291 τοῖς
657 3222 914 3296 ἒναντιωοομόνοις.
949 3227 1030 3295 είπερ
1045 3221 1060 3280 ό
1075 3221 1157 3296 λόγος
1170 3248 1196 3282 κ,
1207 3248 1229 3281 τ.
1240 3233 1263 3282 λ.
1279 3229 1339 3282 cod.
1354 3227 1440 3283 Bekls.
1470 3229 1571 3284 Melius

262 3316 393 3372 distinxit
415 3317 531 3372 Reiske:
557 3311 576 3373 ἃ
601 3313 655 3387 ἐγώ
679 3316 760 3387 λέγω.
797 3312 862 3378 τοός
885 3312 939 3386 γὰρ
963 3312 1235 3384 ίναντιοουμόνοος,
1258 3317 1338 3386 είιιερ
1362 3337 1387 3374 κ.
1406 3337 1430 3372 τ.
1449 3323 1471 3374 λ.
1508 3318 1571 3388 Ipse

261 3423 372 3475 quoque
397 3405 523 3462 detiurm
545 3413 604 3469 τοῖς
627 3401 878 3476 ἐναντιωσομένοις
901 3421 964 3459 cum
987 3401 1170 3472 sequentibus
1194 3399 1287 3472 (όξιόν
1312 3400 1398 3476 ἐστιν)
1423 3405 1571 3476 coniungo,

261 3511 346 3564 quem
365 3513 413 3550 cur
431 3495 461 3550 in
479 3493 672 3550 accusativum
688 3496 837 3562 mutemus,
856 3484 1024 3561 non'rideo,
1044 3491 1114 3561 quid
1132 3508 1233 3547 causae
1252 3491 1297 3546 sit.
1336 3492 1405 3548 Cum
1418 3509 1484 3549 vero
1498 3494 1573 3550 desit

262 3584 403 3640 enuntiati
421 3585 534 3654 copule,
558 3583 632 3640 inter
655 3590 714 3646 τοῖς
732 3585 762 3638 et
780 3579 1032 3653 ἐναντιοσομένοις
1054 3581 1129 3636 addo
1147 3580 1194 3650 δέ,
1218 3599 1274 3650 qua
1291 3581 1433 3652 particule
1451 3583 1572 3640 alterum

262 3673 454 3729 enunciatum:
473 3681 532 3737 τοῖς
549 3668 578 3728 δ’
595 3669 854 3743 ἒναντιοοσομόυοις,
874 3673 953 3741 είπερ
969 3666 985 3726 ό
999 3666 1082 3740 λόγος
1097 3667 1206 3734 ἐκεῖνος
1219 3667 1401 3742 ίσχυρότατός
1415 3669 1498 3744 ἐστιν,
1518 3669 1571 3730 οόκ

261 3758 343 3830 ἄξιόν
363 3759 437 3819 ἔστιν
457 3761 498 3818 ἔτι
516 3763 693 3838 φοβηθῆναι,
708 3789 741 3803 -—
756 3759 845 3831 priori
865 3757 992 3834 βέλτιστά
1011 3754 1096 3829 ἔστιν,
1115 3753 1134 3814 ἃ
1155 3755 1209 3829 ἐγώ
1229 3758 1300 3830 λέγω
1315 3760 1475 3832 opponitur,
1494 3763 1570 3831 quod

261 3854 409 3921 utrumque
429 3869 463 3907 ex
482 3845 527 3908 ότι
543 3851 685 3921 particula
701 3851 824 3920 pendere
843 3847 1017 3904 crediderim

333 3948 375 3996 ⁷1.
396 3940 472 4007 Quae
496 3939 652 3996 adversarii
679 3939 807 3996 obiciunt
828 3938 973 4009 pertinent
999 3953 1088 4006 usque
1112 3938 1149 3992 ad
1176 3938 1264 3994 verba
1285 3935 1434 3994 δουλεύειν
1457 3935 1571 4011 ἑτέροις.

260 4032 397 4100 κρείσσων
415 4031 469 4085 hoc
487 4030 559 4099 loco,
577 4032 610 4085 ut
626 4029 712 4100 paulo
731 4028 857 4096 inferius,
876 4027 1019 4099 signifieat
1036 4044 1103 4095 rem,
1123 4043 1195 4096 quae
1215 4026 1398 4082 anteferenda
1416 4030 1461 4084 est
1478 4028 1569 4084 elteri.

261 4120 366 4190 μᾶλλον
390 4137 453 4174 cum
474 4135 542 4174 voce
565 4107 716 4189 πρόσοικος
735 4116 868 4186 coniungi
886 4133 943 4172 non
960 4117 1069 4186 potest,
1089 4114 1273 4185 propinquior
1292 4114 1367 4170 enim
1384 4115 1476 4172 hostis
1495 4119 1571 4172 certe

260 4225 317 4264 non
331 4207 444 4263 facilius
458 4207 628 4278 defenditur,
647 4225 731 4277 quam
744 4209 876 4273 remotus,
894 4239 924 4246 -
942 4205 992 4260 sed
1006 4205 1183 4259 abundanter
1198 4203 1420 4275 comparativum
1434 4208 1570 4277 κρείσσων

260 4296 377 4366 repetit,
396 4299 428 4352 ut
446 4298 532 4367 paulo
550 4296 680 4352 inferius:
700 4291 807 4352 οόκοῦν
826 4301 956 4364 κρεῖσσον
976 4289 1135 4360 στασιάζειν
1150 4289 1221 4364 πρός
1238 4290 1314 4365 ἡμᾶς
1332 4289 1438 4357 αὐτοὺς
1456 4295 1569 4365 μᾶλλον,

261 4379 279 4452 ἢ
299 4381 445 4440 δουλεύειν
466 4379 578 4455 ἑτέροις.
612 4385 711 4454 Itaque
730 4384 817 4439 verba
835 4383 884 4438 καὶ
902 4383 1030 4446 τοιοῦτος
1048 4375 1089 4437 σόν
1107 4377 1259 4452 πρόσοικος
1277 4384 1354 4438 arcte
1373 4381 1572 4452 coniungenda

262 4475 328 4528 sunt
346 4474 375 4528 et
391 4472 478 4528 totius
493 4473 636 4528 enunciati
649 4473 696 4528 hic
711 4475 755 4529 est
766 4475 878 4528 sensus:
898 4472 1060 4539 Archelaus,
1080 4470 1168 4540 aiunt,
1188 4471 1316 4540 quamvis
1331 4471 1450 4526 infestus
1465 4473 1569 4541 accola,

261 4561 362 4616 melior
381 4561 473 4616 socius
492 4565 544 4630 est,
563 4579 648 4630 quem
666 4560 875 4633 Peloponnesii,
895 4564 947 4618 etc.
985 4560 1054 4616 Post
1070 4577 1169 4616 vocem
1187 4557 1337 4630 πρόσοικος
1355 4559 1443 4630 igitur
1459 4559 1572 4630 virgula

261 4651 393 4720 ponenda
411 4653 461 4706 est.

334 4747 374 4796 ²12.
395 4735 564 4812 όμόνασδαι
582 4745 608 4797 ς.

333 4837 374 4885 te.
394 4825 468 4900 όμᾶς
485 4825 590 4893 αότοός
607 4829 667 4885 cod.
687 4829 781 4886 Reisls.
802 4829 889 4886 Bekk.
