3572 5472
733 305 961 370 ‘—47-

198 469 312 532 nostra
340 467 461 546 oratio,
492 465 702 550 continuerit,
728 465 829 532 immo
859 464 921 531 hoc
944 463 1120 530 verisimile
1148 467 1210 548 est,
1234 463 1393 550 siquidem
1415 465 1504 530 recte

198 573 340 640 Baebius
368 571 507 661 (Critiae
535 573 665 658 tyranni
693 594 776 657 quae
808 575 982 657 supersunt
1013 593 1044 655 p.
1072 567 1130 655 98)
1163 568 1285 636 Critiae
1316 571 1505 637 testimonia

199 681 237 744 de
265 679 485 746 Themistocle
517 684 551 745 et
579 676 715 764 Cleone,
746 680 903 765 Ephialta
934 683 968 744 et
995 676 1130 743 Cimone
1162 676 1411 744 Atheniensium
1443 679 1505 744 rei·

198 789 356 873 publicae,
382 810 479 873 quam
503 787 671 872 scripsisse
690 785 828 854 Critiam
847 787 975 870 conicit,
998 783 1159 851 attribuit.
1201 783 1303 860 Quem
1323 784 1364 850 ad
1383 783 1505 850 Critiae
1582 780 1585 786 ’

199 894 317 960 librum
354 895 393 959 de
425 893 655 960 Thessalorum
682 893 851 978 republica
882 892 1022 959 fortasse
1050 890 1149 956 etiam
1182 891 1340 956 orationis
1371 895 1505 957 nostrae

202 1001 371 1084 inscriptio
394 998 469 1086 περὶ
492 1003 659 1078 πολιτείας
680 999 823 1084 respicit,
847 1021 931 1085 quae
952 998 1016 1082 ipsi
1035 1018 1150 1062 causae
1172 1019 1288 1082 parum
1303 999 1470 1064 convenit.

287 1105 401 1192 Neque
429 1107 509 1174 illud
539 1107 610 1172 fieri
635 1127 703 1176 non
730 1109 853 1191 potest,
881 1108 919 1171 ut
942 1102 1065 1170 Critiae
1087 1104 1206 1190 oratio,
1228 1127 1309 1189 quas
1332 1105 1505 1170 nonnullas
1532 1173 1536 1184 ,

200 1212 362 1280 exstitisse
391 1211 502 1280 Cicero
530 1213 583 1300 (de
611 1215 741 1278 oratore
763 1211 797 1277 II
824 1209 882 1298 93)
916 1214 952 1276 et
981 1209 1160 1294 Dionysius
1184 1207 1236 1296 (de
1259 1209 1359 1296 Lysia
1381 1209 1417 1299 2)
1440 1215 1504 1277 tra-

200 1320 289 1404 dunt,
312 1321 365 1386 uel
388 1321 424 1384 in
446 1320 636 1385 universum
654 1319 779 1404 antiqui
802 1318 971 1404 scriptoris
996 1319 1101 1384 oratio
1119 1315 1262 1384 Herodis
1281 1318 1372 1403 operi
1392 1319 1506 1402 subsit,

201 1422 323 1493 Critiae
346 1448 422 1492 uero
447 1426 578 1511 aliquod
601 1448 682 1511 opus
701 1424 824 1492 Herodi
847 1425 1018 1494 materiam
1042 1423 1268 1509 suppeditasse
1291 1446 1330 1490 ea
1351 1447 1387 1491 re
1405 1426 1506 1510 potis-

202 1533 320 1598 simum
342 1534 509 1618 probatur,
534 1532 620 1618 quod
643 1555 682 1600 eo
705 1536 861 1617 tempore,
884 1554 949 1618 quo
970 1531 1242 1601 Lacedaemonios
1259 1530 1505 1599 Larissaeorum

201 1641 391 1706 societatem
417 1639 573 1724 petivisse
601 1639 789 1726 statuimus,
812 1637 960 1724 Critiam,
983 1637 1313 1710 Lacedaemoniorum
1334 1638 1507 1724 fautorem,

176 1748 234 1815 in
258 1745 429 1823 Thessalia
452 1749 689 1816 commoratum
712 1767 782 1810 ease
810 1747 961 1813 atrebas
984 1745 1125 1831 publicis
1147 1745 1384 1810 constituendis
1408 1745 1506 1812 inter-

198 1853 299 1919 fuisse
322 1857 460 1919 constat.
501 1850 583 1918 Cum
605 1873 682 1917 uero
705 1873 757 1917 res
781 1853 877 1918 certis
901 1852 1102 1940 argumentis
1120 1851 1288 1918 diiudicari
1307 1873 1374 1917 non
1391 1853 1506 1938 possit,

202 1960 236 2024 in
260 1959 365 2025 medio
388 1960 473 2025 hano
496 1958 721 2044 quaestionem
744 1959 936 2044 relinquam.

288 2280 428 2352 Praebet
455 2279 558 2365 igitur
583 2281 688 2367 oratio
712 2284 828 2348 nosue
849 2280 991 2364 primum
1015 2281 1220 2364 eloquentiae
1242 2279 1411 2348 Heredeae
1434 2303 1506 2365 spe·

200 2389 313 2468 cimen,
337 2392 370 2454 et
394 2410 573 2474 mensurae,
597 2411 662 2475 qua
682 2388 780 2484 buius
804 2388 921 2458 aetatis
945 2387 1162 2474 eloquentiam
1188 2392 1335 2454 veterum
1360 2388 1507 2454 testimo·

199 2495 262 2560 niis
287 2495 528 2561 celeberrimam
551 2517 591 2560 ex
614 2496 716 2580 ipsius
740 2495 846 2562 indole
870 2499 903 2561 et
921 2498 1039 2564 natura
1067 2495 1282 2580 aestimemus,
1305 2498 1426 2560 certam
1450 2495 1506 2560 ali-

201 2623 299 2690 quam
321 2605 434 2668 notam
459 2605 492 2666 et
514 2603 736 2669 definitionem
759 2603 858 2668 addit.

290 2710 373 2774 Tum
400 2731 491 2796 vero,
517 2710 602 2796 quod
632 2732 763 2776 causam
793 2710 925 2796 attinet,
954 2709 1112 2780 habemus
1136 2710 1397 2794 supplementum
1419 2707 1507 2780 haud

202 2817 418 2903 spernendum
447 2817 554 2900 operis
582 2816 826 2902 Xenophontei,
858 2816 944 2902 quod
976 2815 1310 2882 Lacedaemonium·
1341 2816 1376 2881 in
1410 2815 1508 2880 rebus

126 2910 135 2920 '¹
201 2923 401 2990 Thessalicis
425 2922 541 3007 agendi
570 2923 714 2989 rationes
739 2924 893 3010 explicat,
916 2923 1119 3008 Thessaliae,
1150 2923 1202 2988 vel
1228 2921 1378 2988 Larissae
1411 2924 1507 3007 certe,

202 3040 290 3097 certo
309 3028 465 3114 temporis
485 3032 649 3096 momento
669 3031 888 3102 conditionem
905 3031 1063 3116 illustrat,
1074 3029 1229 3096 Archelai
1247 3030 1383 3114 denique
1397 3051 1507 3115 regno,

202 3139 287 3226 quod
316 3136 461 3223 quietum
488 3135 590 3201 fuisse
617 3140 650 3202 et
677 3138 773 3207 rebus
802 3138 968 3206 intestinis
996 3125 1180 3206 excolendis
1212 3140 1344 3207 tantum
1373 3158 1506 3223 operam

202 3245 328 3312 dedisse
354 3243 458 3308 adhuc
480 3246 643 3328 putatum,
657 3246 719 3329 est,
742 3265 858 3310 novam
883 3244 1026 3328 aliquam
1048 3245 1153 3310 lucem
1177 3243 1280 3315 affert.
