3566 5474
765 277 978 342 -25,

217 432 394 522 ἄλλ”ἔμοι
422 461 459 520 με
487 439 581 502 donet
606 436 691 520 apud
719 436 969 521 Xenophontem
996 437 1031 500 in
1058 436 1153 502 doust
1178 429 1210 500 θ’
1243 436 1354 520 ἔμοιγε
1384 456 1524 500 commu-

218 549 305 611 tasse
327 545 467 610 traditur
491 541 614 629 (Bless,
637 542 787 610 Attische
810 543 1056 610 Beredsamlreit
1077 542 1093 606 I
1116 566 1147 626 p.
1170 540 1264 627 265),
1291 543 1412 627 quippe
1439 541 1524 626 quod

218 652 430 718 confidentius
460 657 493 718 et
516 650 637 724 Critiae
665 650 772 734 magis
800 651 968 734 proprium
996 669 1066 714 esse
1092 652 1237 734 putaret,
1264 648 1403 714 Herodis
1433 647 1527 712 docet

218 755 261 841 δή
284 781 342 842 μοι
370 759 536 843 aliquanto
566 758 664 822 etiam
692 757 824 842 gravius
853 759 885 820 et
914 756 1127 822 confidentius
1152 756 1274 821 dictum
1298 777 1368 822 esse
1390 755 1525 820 videtur.

216 863 418 930 Inventionis
442 865 554 930 deinde
582 868 616 928 et
642 863 835 928 elocutionis
859 847 1030 948 quaedam*
1045 862 1227 946 proprietas
1257 865 1291 926 et
1314 861 1442 927 novitas
1467 865 1525 946 est,

216 993 289 1038 eum
308 971 425 1036 seditio
444 971 478 1036 in
497 971 630 1037 civitate
649 973 782 1036 externa
800 970 955 1036 Archelai
974 969 1066 1053 quasi
1086 969 1256 1034 castellum
1275 972 1308 1034 et
1325 968 1525 1053 praesidium

217 1074 371 1164 (χωρίον)
397 1078 593 1162 appellatur,
621 1099 694 1142 oum
723 1077 891 1143 seditionis
920 1076 1125 1142 calamitates
1152 1078 1200 1140 ita
1226 1075 1461 1160 exprimuntur,
1488 1077 1526 1138 ut

216 1205 274 1266 per
297 1184 523 1268 gradationem
546 1185 646 1270 pacis,
668 1184 755 1263 belli,
779 1184 950 1279 seditionis
973 1183 1175 1249 conditiones
1196 1183 1429 1266 describantur,
1452 1203 1524 1246 cum

218 1291 424 1375 accipiendae
448 1292 615 1358 societatis
639 1293 814 1358 necessitas
838 1292 991 1358 Archelai
1014 1290 1162 1374 exemplo
1188 1290 1442 1374 demonstratur,
1474 1287 1527 1352 cui

219 1397 331 1464 eadem
353 1399 474 1464 reiecta
497 1399 635 1464 societas
659 1399 788 1464 crimini
810 1400 865 1484 sit,
887 1422 960 1465 cum
985 1421 1068 1484 quae
1092 1397 1270 1462 adversarii
1287 1397 1433 1463 obiciunt
1451 1417 1523 1461 con·

217 1503 383 1588 ceduntur,
405 1505 454 1570 ita
471 1508 582 1570 tamen
600 1505 748 1571 sollerter
766 1507 976 1592 explicantur,
999 1509 1037 1571 ut
1055 1505 1193 1571 oratoris
1213 1503 1391 1570 sententiae
1411 1501 1525 1567 suffra·

217 1611 288 1696 gari
310 1611 490 1695 videantur,
515 1645 553 1658 ·—
574 1620 648 1676 oum
665 1613 749 1677 talia
772 1613 908 1698 denique
932 1613 1175 1697 enthymemata
1195 1612 1393 1678 inseruntur:
1416 1610 1524 1673 καίτοι

219 1717 289 1794 πῶς
313 1697 354 1782 ob
378 1713 493 1783 δεινόν
517 1717 584 1782 ἐστι
607 1713 749 1796 τούτους
770 1720 868 1804 κοινῇ
891 1717 1042 1805 τρέφειν,
1074 1721 1109 1783 οἳ
1128 1714 1190 1802 τὴν
1217 1715 1317 1784 πόλιν
1343 1712 1390 1784 οὐΙ
1402 1709 1525 1796 ποινὴν

215 1817 297 1908 ἡμῖν
326 1823 523 1910 παρέχανσις
553 1861 596 1874 —·
623 1823 679 1892 acl
705 1822 836 1891 τούτων
863 1821 926 1891 οὐκ
953 1819 1018 1890 oid’
1049 1819 1101 1889 ότι
1130 1825 1185 1890 det
1211 1835 1350 1908 σημεῖον
1377 1818 1525 1888 ἄλλοθεν

215 1933 346 2013 λαβεῖν·
383 1925 477 2015 ἡμεῖς
508 1926 573 2017 γὰρ
604 1942 675 2009 τοῖς
707 1929 821 2011 ἄλλοις
854 1929 993 2018 σημεῖόν
1026 1933 1133 2016 ἐσμεν.
1166 1927 1210 1978 ’-
1243 1926 1335 2014 οἶμαι
1367 1925 1428 2014 μὲν
1460 1916 1524 1993 οὖν

217 2031 304 2121 ἡμᾶς
333 2029 407 2103 odd'
433 2031 477 2103 dr
505 2033 709 2122 εὐχομένους
731 2034 838 2116 ἄλλοις
866 2035 1028 2118 εὔξασθαι
1051 2033 1287 2104 πολιτεύεσθαι
1311 2039 1370 2101 etc.
1420 2033 1525 2100 Grave

216 2144 296 2210 illud
318 2143 459 2211 Herodis
488 2145 582 2210 toxa
609 2141 652 2230 δή
679 2169 737 2230 μοι
764 2147 830 2211 iam
859 2147 993 2211 allatum
1022 2149 1080 2211 est.
1126 2144 1249 2210 Eadem
1280 2144 1330 2208 sui
1353 2145 1386 2208 et
1408 2161 1524 2206 causae

217 2271 293 2316 suae
317 2250 512 2316 confidentia
529 2251 610 2316 haec
634 2252 834 2337 suppeditat:
862 2261 933 2329 τοῖς
953 2247 983 2316 θ’
1006 2251 1287 2336 ἐναντιουμένοις,
1311 2251 1342 2315 εί
1360 2251 1407 2326 εἰς
1424 2249 1524 2314 τοῦτο

215 2351 335 2441 ἥξουσι
353 2353 487 2441 τόλμης,
504 2352 667 2423 τάναντία
686 2359 740 2423 del
756 2354 928 2424 δύνασθαι
945 2353 1006 2424 τόν
1021 2355 1134 2442 λόγον.
1171 2357 1321 2424 Breviter
1340 2354 1525 2421 affirmandi

216 2468 249 2529 et
273 2467 495 2530 asseveranter
523 2465 650 2530 dicendi
674 2465 820 2530 studium
850 2466 980 2552 saepius
1009 2465 1162 2548 cernitur,
1190 2464 1280 2529 velut
1308 2485 1381 2528 cum
1405 2461 1525 2527 Arche-

110 2583 113 2588 '
216 2571 303 2636 laum
345 2573 494 2655 spectans
532 2570 628 2636 dicit:
670 2565 757 2637 οὕτω
795 2569 856 2656 μὲν
894 2565 999 2638 αὐτὸν
1037 2567 1225 2655 βούλεσθαι
1256 2570 1403 2654 πέφναεν
1440 2563 1526 2652 ἡμᾶς

215 2674 417 2760 στασιάζειν,
448 2679 500 2742 vel
528 2676 800 2746 Lacedaemonios
815 2679 1033 2764 significans,
1065 2677 1121 2744 καί
1149 2678 1437 2761 Λακεδαιμονίους
1463 2672 1525 2759 μὲν

216 2777 326 2850 οὐαέτι
348 2783 495 2868 odoramen
514 2779 596 2869 ἡμῖν
614 2783 827 2851 ἐπιτίθεσθαι
850 2835 968 2851 ......
992 2785 1127 2872 πρῶτον
1146 2782 1207 2870 μὲν
1226 2774 1290 2850 οὖν
1311 2779 1372 2850 οὐκ
1391 2778 1526 2857 εἰκότας

216 2887 503 2974 ἐπιβουλεύουσιν
533 2886 593 2956 ἐόιν
612 2886 643 2955 d'
666 2892 871 2976 ἐγχειρῶσιν,
891 2887 932 2957 οὐ
950 2888 1126 2976 λήσονσιν·
1157 2887 1216 2957 ἐὰν
1236 2888 1273 2957 δέ
1292 2887 1525 2976 προγινώσκω-

220 3020 292 3080 μεν,
317 2991 378 3062 οὐκ
400 2992 610 3082 ἀμελήσομεν
633 2994 755 3064 αὐτῶν.
792 2994 875 3065 ὥστε
899 2995 1031 3084 οὐδαμῇ
1053 3000 1162 3077 καλῶς
1181 2994 1295 3076 αὐτοῖς
1313 2997 1525 3063 ἐπιτίθεσθαι

219 3099 342 3186 σχήσει.
368 3140 405 3150 -
427 3103 594 3170 Brevitate
618 3105 758 3172 maxime
782 3106 986 3173 asseverandi
1009 3107 1063 3172 vis
1085 3110 1222 3192 augetur
1243 3107 1278 3170 in
1300 3105 1373 3170 illo:
1397 3097 1439 3168 οὐ
1462 3098 1524 3186 γὰρ

217 3206 346 3296 ἄδικον,
367 3217 458 3294 alnao
482 3206 500 3276 ὁ
519 3207 744 3297 venedociam
764 3207 825 3278 oda
842 3207 961 3290 αἰθικεϊ,
985 3218 1019 3278 et
1037 3213 1189 3278 similiter
1207 3212 1259 3276 his
1277 3211 1384 3276 verbis
1403 3209 1523 3274 desinit

177 3301 182 3312 ⁸
216 3317 333 3382 oratic:
361 3308 411 3383 civ
428 3315 604 3402 ,ἐπόθομέν
625 3340 661 3382 τε
685 3317 783 3402 δίκην
806 3315 992 3404 ληψόμεθα
1011 3315 1067 3384 καί
1085 3301 1124 3384 τό
1142 3313 1264 3385 λοιπὸν
1282 3313 1322 3383 οὐ
1340 3313 1526 3402 πεισόμεθα

214 3445 360 3488 τοιαντα.
666 3447 669 3452 ·
743 3453 746 3458 ’

302 3529 386 3614 Iam,
417 3533 573 3615 quantum
595 3532 723 3596 tantula
753 3553 792 3597 ex
820 3555 856 3598 re
885 3533 1053 3598 diiudicari
1083 3535 1204 3617 potest,
1236 3531 1383 3616 quaestio
1407 3530 1522 3596 docere

214 3635 348 3718 videtur,
369 3637 553 3705 orationem
575 3641 731 3718 nostram,
757 3639 843 3723 quod
866 3640 1020 3726 linguam,
1044 3640 1323 3724 compositionem,
1345 3639 1523 3724 figurarum

215 3746 418 3822 ornamenta,
447 3746 553 3808 totam
583 3745 719 3829 denique
749 3745 890 3812 formam
918 3746 1045 3812 dicendi
1072 3751 1108 3812 et
1140 3746 1376 3832 proprietatem
1391 3744 1524 3810 attinet

214 3850 425 3934 descriptioni
447 3871 579 3934 prorsus
602 3851 804 3938 respondere,
827 3875 925 3937 quam
949 3875 988 3919 ex
1007 3854 1141 3938 optimis
1162 3856 1308 3918 veterum
1327 3850 1524 3918 testimoniis

213 3955 366 4022 haustam
392 3956 468 4022 huic
497 3957 679 4042 quaestioni
705 3959 960 4044 praeposuimus.
1009 3958 1048 4024 In
1077 3961 1322 4025 sententiarum
1338 3979 1415 4024 vero
1444 3979 1522 4042 quo·

215 4085 276 4147 que
308 4064 418 4149 vigore
449 4064 663 4130 examinando
696 4065 932 4132 eoncedendum
963 4068 1028 4132 erit
1064 4067 1258 4132 Philostrati
1286 4065 1368 4130 illud
1399 4066 1528 4129 ἔννοιαι

215 4159 283 4234 οἷαι
306 4165 351 4254 μὴ
375 4168 474 4259 ardere
498 4169 737 4256 ἐνθυμηθῆναι
760 4173 800 4238 de
821 4177 936 4239 nostra
959 4175 1108 4241 oratione
1134 4174 1197 4238 dici
1219 4193 1323 4257 posse,
1350 4173 1379 4236 si
1401 4171 1524 4256 proprii

215 4275 339 4360 ingenii
366 4277 495 4361 inopiae
518 4279 679 4345 rationem
703 4281 872 4364 habemus,
896 4302 959 4368 qna
981 4279 1121 4346 Herodis
1146 4278 1297 4365 aequales
1321 4279 1525 4346 laborabant.

215 4382 268 4448 Ad
290 4383 439 4467 aequales
464 4385 550 4450 enirn
573 4385 653 4453 illud
676 4383 776 4474 ἑτέρῳ
801 4389 948 4469 spectare
971 4385 1112 4468 videtur,
1135 4387 1204 4471 qui,
1225 4408 1300 4451 curn
1323 4386 1522 4470 proprietate

216 4492 249 4552 et
270 4490 415 4554 novitate
444 4490 571 4556 dicendi
597 4497 743 4577 egerent,
770 4492 902 4558 formae¹
923 4495 1103 4578 egestatem
1130 4495 1277 4558 veterum
1305 4494 1542 4577 exemplorum,

216 4595 399 4661 imitatione
432 4618 641 4681 compensare
673 4601 826 4683 poterant
856 4603 890 4664 et
921 4599 1046 4683 cupide
1068 4599 1254 4684 studebant,
1293 4600 1527 4666 sententiarum

215 4723 292 4768 vero
320 4703 448 4787 copiam
476 4708 509 4768 et
536 4704 732 4788 gravitatem
759 4725 865 4788 neque
891 4704 1034 4770 indidem
1062 4705 1239 4771 transferre
1267 4727 1372 4789 neque
1395 4727 1433 4770 ex
1457 4705 1523 4771 suis

218 4809 369 4892 publicae
402 4810 489 4875 vitae
521 4811 758 4877 conditionibus
791 4810 978 4896 depromere
1010 4816 1171 4895 poterant.
1216 4811 1384 4877 'Veterum
1417 4815 1525 4878 autern
