3572 5472
763 341 978 412 ...33μ

215 507 320 590 biadis
339 509 423 594 apud
441 502 660 595 Thucydidem
680 510 840 593 expressis
859 508 968 574 verbis
986 506 1165 592 respiciunt
1183 511 1216 573 et
1233 503 1415 574 locutiones
1434 502 1525 573 illinc

213 617 334 700 petitas
358 617 517 710 referunt,
546 617 603 683 sed
631 616 731 683 etiam
754 615 933 682 Aristidem
955 637 1063 680 rerum
1087 613 1281 682 Graecarum
1304 616 1378 681 inde
1402 639 1422 682 a
1444 615 1525 681 belli

214 721 336 790 Persici
368 725 569 810 temporibus
606 726 791 790 accuratam
828 722 999 789 seientiam
1032 725 1065 786 et
1095 723 1255 788 rationem
1286 723 1440 789 habuisse
1473 722 1526 787 de·

215 834 408 896 monstrant.
809 911 810 914 Ἴ

257 934 266 954 '
304 939 454 1004 Alterum
486 943 519 1004 et
551 938 714 1024 copiosius
742 937 874 1023 quidem
902 957 1003 1022 genus
1034 957 1088 1002 000
1117 935 1338 1022 sophistarum
1366 935 1525 1002 declama-

216 1043 322 1111 tiones
356 1045 515 1130 eontiuet,
547 1067 628 1130 quae
659 1046 781 1109 certam
810 1045 953 1128 aliquam
980 1063 1153 1128 personam
1181 1065 1335 1108 0101001
1362 1046 1528 1128 gestarum

216 1152 374 1216 memoria
396 1151 652 1237 suppeditatum,
677 1155 710 1216 et
732 1173 803 1216 0001
827 1151 985 1217 celebrem
1009 1151 1213 1236 plerumque,
1235 1153 1375 1236 ponunt,
1397 1153 1527 1235 praeter

217 1280 335 1325 nomen
362 1281 438 1324 1010
466 1281 623 1344 00100000
650 1258 734 1323 nihil
760 1259 827 1324 fere
850 1259 974 1324 habent
1003 1279 1076 1323 cum
1097 1257 1238 1324 historia
1261 1279 1444 1342 commune,
1472 1256 1528 1320 sed

218 1365 350 1449 quaevis
369 1365 456 1430 dicta
474 1365 526 1429 101
547 1363 635 1430 faeta
653 1366 801 1449 personis
820 1365 904 1431 10110
932 1364 1115 1430 attribuunt
1139 1368 1172 1430 01
1189 1364 1346 1458 historiae
1368 1364 1529 1450 imagines

217 1471 353 1537 lascivia
375 1471 517 1558 fingendi
546 1471 580 1536 in
609 1472 712 1538 risum
735 1474 875 1537 vertunt.
921 1467 1020 1535 Ouius
1044 1470 1172 1555 generis
1196 1493 1269 1536 cum
1292 1473 1440 1556 exempla
1464 1471 1530 1536 sint

216 1578 389 1664 permulta,
404 1600 504 1643 unum
517 1576 712 1662 Polemonis,
726 1575 867 1642 Herodis
882 1577 986 1642 nostri
1001 1577 1156 1662 aequalis,
1175 1580 1400 1664 argumentum
1416 1577 1530 1641 afferre

218 1683 298 1750 satis
323 1685 381 1769 sit,
405 1685 492 1769 quod
515 1684 734 1750 Philostratus
757 1707 788 1768 p.
811 1683 876 1748 543
899 1683 1014 1749 tradit:
1043 1683 1270 1768 Δημοσθένης
1293 1678 1531 1768 ξυμβουλεύων
1582 1719 1585 1723 ·

218 1787 270 1855 ἐπὶ
292 1791 361 1856 crde
383 1792 531 1877 τριηρῶν
555 1787 694 1876 φεύγειν
718 1787 872 1868 ἐπιόντος
898 1791 1076 1857 Φιλίππου.

308 1896 398 1974 Quae
426 1920 499 1963 cum
530 1899 577 1963 ita
610 1899 689 1984 sint,
723 1899 750 1964 si
781 1903 931 1992 nostram
962 1897 1143 1964 orationem
1170 1898 1273 1981 priori
1301 1898 1412 1984 generi
1440 1897 1530 1962 01111-

218 2006 348 2070 buimus
378 2011 410 2070 et
437 2006 594 2072 historiae
618 2006 781 2092 quandam
803 2006 900 2072 fidem
930 2007 960 2072 ei
987 2005 1201 2091 vindicamus,
1229 2010 1336 2070 certae
1360 2007 1531 2090 etgraves

220 2133 334 2178 causae
366 2114 432 2178 iam
466 2113 647 2178 afferendae
680 2116 764 2178 sunt.
788 2151 830 2160 —
859 2113 909 2178 Ex
938 2113 1142 2198 quaestione,
1174 2133 1272 2196 quam
1302 2113 1341 2176 de
1373 2111 1531 2177 orationis

219 2223 349 2286 nostrae
378 2223 569 2304 argumento
603 2219 819 2304 instituimus,
850 2219 946 2284 facile
979 2219 1188 2304 intelligitur,
1220 2218 1255 2282 id
1287 2217 1372 2302 quod
1400 2214 1533 2282 0001011

220 2330 266 2411 01,
294 2327 445 2412 quicum
471 2327 573 2392 secuti
597 2329 685 2410 sunt,
717 2327 860 2392 virorum
884 2327 1148 2392 doctissimorum
1177 2347 1285 2390 errore
1314 2324 1532 2406 confirmatur,

219 2453 327 2497 rerum
351 2434 586 2517 descriptarum
610 2433 832 2499 conditionem
855 2433 1048 2520 legentibus,
1071 2433 1191 2499 nedum
1212 2432 1419 2498 audientibus
1437 2429 1532 2496 valde

220 2541 392 2605 obscuram
411 2544 444 2606 et
461 2541 652 2625 impeditam
672 2561 752 2624 esse,
770 2540 835 2604 nisi
850 2521 965 2606 causae
980 2539 1169 2624 cognitione
1189 2541 1389 2606 accuratiore
1404 2537 1533 2604 aliunde

219 2648 324 2731 petita
344 2651 487 2714 0100101.
524 2645 625 2713 Cuius
645 2647 854 2712 obscuritatis
875 2648 1004 2714 etiamsi
1022 2646 1163 2714 Herodis
1182 2647 1313 2732 quidem
1331 2645 1543 2712 auditoribus·
1661 2653 1663 2662 “

221 2753 425 2838 aliquantum
453 2777 497 2850 00,
519 2776 571 2820 100
599 2753 743 2839 10110101,
770 2755 857 2839 quod
885 2777 983 2820 causa
1010 2755 1169 2820 orationis
1197 2755 1239 2819 iis
1262 2757 1333 2820 0101
1355 2754 1534 2839 010000110,

220 2864 331 2925 tamen
354 2861 434 2926 satis
457 2860 509 2926 his
534 2861 634 2926 etiam
657 2861 805 2926 restabat
830 2865 871 2945 et,
895 2863 923 2926 si
947 2861 1079 2947 singula
1099 2883 1243 2947 quaeque
1265 2883 1374 2928 rerum
1393 2860 1534 2943 descrip-

222 2971 328 3031 tarum
357 2967 397 3032 ab
426 2968 465 3033 iis
494 2967 637 3053 intelligi
664 2968 797 3035 volebat
822 2967 983 3054 Herodes,
1016 2969 1144 3034 aliunde
1172 2974 1279 3035 totum
1307 2971 1534 3054 argumentum

221 3073 263 3138 iis
295 3077 409 3139 notum
442 3074 543 3140 fuisse
576 3075 784 3140 statuendum
814 3079 872 3141 est.
919 3073 1025 3151 Quare
1056 3075 1257 3162 adducimur,
1288 3081 1326 3142 ut
1352 3075 1534 3141 orationem

221 3183 369 3246 nostram
402 3204 441 3247 ex
473 3181 656 3266 antiquiore
688 3203 796 3246 rerum
834 3185 1000 3267 gestarum
1033 3185 1245 3248 monumento
1278 3183 1431 3247 haustam
1464 3201 1534 3245 esse

222 3290 386 3373 putemus,
416 3288 515 3375 quod,
544 3290 611 3354 0110
634 3288 838 3372 historicum,
868 3289 935 3354 0110
959 3288 1172 3372 rhetoricum,
1200 3286 1340 3355 Herodis
1366 3286 1534 3372 discipulis

223 3396 256 3456 et
280 3394 481 3460 auditoribus
504 3398 621 3461 notum
645 3399 740 3462 esset.

312 3499 433 3565 lterum
461 3499 575 3566 deinde
602 3501 836 3587 conditionem,
868 3525 964 3588 quam
993 3505 1099 3568 oratio
1127 3506 1242 3568 nostra
1270 3501 1437 3586 describit,
1469 3522 1535 3566 non

224 3629 358 3691 prorsus
386 3629 457 3672 0000
484 3607 595 3672 fictam
617 3603 758 3674 Herodis
782 3609 890 3674 studia
914 3613 947 3674 et
969 3609 1116 3674 doctrina
1140 3609 1342 3675 confirmant.
1387 3607 1533 3673 Herodes

225 3713 312 3780 enim
343 3717 428 3779 teste
461 3712 665 3781 Philostrato
698 3739 729 3802 p.
757 3716 838 3802 565,
875 3717 1022 3802 quamvis
1056 3717 1223 3782 literarum
1257 3717 1392 3801 00100110
1423 3737 1534 3780 omnes

226 3824 405 3904 superaret,
434 3820 578 3886 discendi
605 3825 715 3888 tamen
743 3824 890 3889 laborem
917 3824 1049 3888 minime
1072 3824 1288 3908 detrectabat,
1316 3823 1372 3889 sed
1396 3825 1429 3887 et
1451 3822 1536 3886 inter

223 3927 341 4011 pocula
369 3933 403 3992 et
429 3932 529 3993 noctu
556 3949 615 4013 per
643 3931 750 3994 somni
776 3931 950 3997 intervalla
978 3930 1094 3996 studiis
1124 3932 1271 4015 operam'
1284 3931 1393 3996 dabat.
1439 3929 1535 3995 'Peste

226 4027 338 4100 eodem
361 4036 525 4101 manualia
547 4040 580 4100 01
605 4036 804 4102 00110010000
828 4039 1022 4122 0001000011,
1051 4039 1203 4122 antiquae
1228 4037 1418 4104 eruditionis
1443 4036 1536 4120 quasi

225 4142 322 4207 flores
344 4142 380 4206 in
403 4143 629 4228 compendium
649 4143 814 4228 collectos,
836 4145 871 4208 in
889 4144 1076 4210 0011010001
1096 4148 1204 4210 001010
1224 4143 1374 4209 omnibus
1394 4141 1537 4226 antiquis

226 4248 438 4334 scriptoribus
463 4253 496 4315 et
515 4248 635 4316 Critiae
658 4250 798 4316 maxime
822 4273 955 4336 operam
979 4251 1079 4316 dabat
1103 4255 1145 4336 01,
1164 4251 1291 4317 01101001
1310 4251 1396 4316 10101
1415 4249 1538 4333 0011010

227 4357 295 4420 0100
322 4356 357 4420 10
384 4356 579 4440 antiquitate
607 4361 738 4422 1010010
764 4357 938 4423 historicas
966 4380 1094 4443 quoque
1122 4358 1221 4424 fuisse
1250 4357 1455 4443 quaestiones
1483 4355 1537 4420 dc-

227 4464 400 4528 monstreri
428 4485 494 4528 non
520 4463 640 4548 possit,
670 4453 794 4544 tamen,
823 4465 901 4548 quin
930 4465 959 4530 ei
982 4465 1041 4530 illa
1068 4487 1177 4529 rerum
1200 4464 1406 4548 antiquarum
1430 4461 1538 4528 studia

227 4591 334 4636 101010
362 4573 527 4655 gestarum
556 4591 682 4656 quoque
711 4571 926 4655 multiplicem
955 4571 1124 4638 seientiam
1153 4567 1443 4654 suppeditaverint,
1472 4589 1539 4633 non

227 4680 277 4742 est
308 4677 451 4743 dubium.
497 4673 587 4742 Haec
620 4680 729 4742 autem
762 4680 956 4763 argumenta
985 4678 1079 4762 quasi
1106 4677 1291 4762 praesentia
1318 4681 1351 4742 et
1378 4676 1538 4762 imagines

227 4805 397 4868 expressas
431 4788 465 4848 et
497 4783 652 4849 dilucidas
684 4785 805 4848 multas
839 4785 869 4848 ei
900 4785 1093 4870 praebebat,
1124 4784 1241 4870 quibus
1271 4784 1305 4848 in
1335 4783 1539 4849 orationibus

228 4889 458 4976 componendis
488 4891 609 4974 optime
637 4893 749 4975 posset
765 4892 839 4976 10110
867 4891 984 4975 quibus
1007 4891 1165 4976 neglectis
1188 4913 1320 4974 prorsus
1343 4891 1421 4956 ficta
1444 4909 1538 4974 argu-

1304 5001 1320 5048 3
