3572 5472
809 241 1025 304 ,33-

261 401 362 468 missa
375 402 410 468 in
428 405 569 468 mentem
588 400 734 486 potuisse
753 399 863 465 venire
882 421 1033 484 suprema
1050 400 1179 484 imperii
1197 400 1318 466 infiniti
1336 401 1568 487 impedimenta

261 509 486 594 comprimere,
519 511 552 572 et
584 510 747 572 oratorem
779 505 842 571 hcc
874 507 1031 592 temporis
1064 510 1263 574 momentum
1294 510 1497 592 spectantem
1529 509 1567 574 de

261 616 406 682 omnium
435 613 635 682 Graecorum
665 605 820 678 societate
848 613 939 697 loqui
965 612 1121 697 potuisse.
1168 612 1238 689 Quo
1266 613 1385 680 indicio
1410 635 1483 680 cum
1505 619 1567 680 ter·

262 723 387 790 minum
411 746 431 788 a
453 746 531 808 quo,
556 722 612 808 qui
635 723 784 806 vocatur,
811 721 899 786 nacti
923 719 1037 803 simus,
1060 741 1180 786 annum
1203 720 1279 806 405,
1301 721 1367 786 iam
1391 722 1565 807 quaeritur,

260 851 339 896 num
363 852 402 896 ex
425 830 498 914 ipsa
520 828 667 894 oratione
690 831 818 912 tempus
840 849 949 892 rerum
976 826 1210 910 descriptarum
1239 827 1321 893 satis
1349 832 1437 894 certo
1466 829 1567 894 artius

262 936 389 1002 definiri
416 936 537 1022 possit,
564 956 662 1020 quam
691 955 774 1000 anno
803 933 883 1018 399,
910 955 973 1018 quo
997 932 1176 999 Archelaus
1199 939 1347 1001 mortuus
1371 939 1428 1002 est
1475 936 1567 1014 Quod

260 1044 408 1128 quamvis
437 1043 533 1108 certis
561 1064 670 1108 rerum
701 1042 741 1107 ab
770 1039 899 1106 Herode
927 1041 1105 1106 relatarum
1136 1042 1285 1107 terminis
1317 1043 1388 1108 fieri
1420 1047 1567 1128 nequeat,

260 1155 370 1216 tamen
394 1150 537 1216 omnium
561 1147 759 1216 Graecorum
783 1147 947 1212 societatis
977 1151 1010 1212 et
1039 1147 1139 1212 studii
1167 1149 1355 1234 descriptio,
1384 1172 1447 1234 quo
1470 1150 1566 1216 Lace-

262 1257 506 1324 daemoniorum
530 1255 666 1322 consilia
689 1255 845 1322 adiuvant
869 1253 995 1340 Graeci,
1020 1259 1053 1320 et
1074 1253 1403 1324 Lacedaemoniorum
1426 1257 1461 1320 in
1483 1257 1567 1340 prin-

262 1363 372 1448 cipatu
396 1363 572 1428 exercendo
596 1363 760 1430 rationum
785 1361 947 1446 expositio
970 1362 1062 1426 valde
1081 1363 1222 1446 probant
1240 1384 1306 1429 non
1324 1363 1463 1428 multum
1482 1364 1567 1430 ultra

265 1492 384 1535 annum
408 1469 474 1535 405
497 1470 591 1536 nobis
615 1491 685 1536 esse
707 1468 988 1554 progrediendum.

350 1575 431 1643 Cum
455 1575 551 1660 enim,
574 1576 679 1660 quoad
703 1575 951 1642 Atheniensium
974 1576 1138 1660 potentiae
1165 1575 1288 1660 aliquid
1311 1577 1434 1662 stabat,
1457 1578 1566 1644 odium

260 1708 371 1751 eorum
400 1684 556 1766 efficeret,
583 1685 620 1748 ut
648 1684 728 1748 socii
755 1683 867 1768 utique
895 1681 1224 1748 Lacedaemoniorum
1252 1683 1389 1767 imperio
1418 1689 1568 1769 parerent

260 1796 293 1857 et
312 1814 366 1857 eos
386 1795 541 1875 tanquam
557 1789 752 1860 Graecorum
771 1791 966 1857 liberatores
986 1791 1195 1873 celebrarent,
1214 1788 1353 1856 Athenis
1372 1793 1567 1877 expugnatis

260 1896 591 1964 Lacedaemoniorum
625 1898 744 1982 agendi
775 1897 902 1964 ratione
935 1895 1084 1962 omnibus
1117 1894 1250 1962 Graecis
1283 1919 1373 1962 error
1406 1899 1504 1964 simul
1536 1903 1568 1963 et

261 2004 408 2090 obsequii
436 2004 516 2068 fides
545 2003 697 2088 adempta
727 2007 811 2071 sunt.
865 2003 918 2068 Ita
945 2002 1274 2070 Lacedaemoniorum
1303 2004 1413 2088 potius
1443 2005 1567 2091 timore,

260 2133 357 2195 quam
391 2109 639 2176 Atheniensium
676 2111 752 2176 odio
790 2091 945 2176 commoti
977 2108 1139 2175 Corinthii
1176 2113 1209 2174 et
1240 2109 1388 2178 Thebani
1421 2112 1567 2180 Athenas

260 2217 430 2284 diruendas
454 2238 524 2282 esse
548 2217 710 2282 censuisse
734 2218 884 2284 videntur
908 2215 958 2302 (C.
976 2216 1011 2282 F.
1031 2215 1215 2299 Hermann,
1238 2214 1566 2284 Staatsalterthumer

260 2327 280 2404 ἐ
303 2323 360 2408 40,
389 2325 405 2388 1
431 2346 460 2390 u.
484 2327 514 2389 2.
556 2321 752 2409 Henna,
777 2326 826 2389 19.
871 2325 1030 2390 Isocrates
1053 2324 1188 2390 Plataic.
1217 2322 1289 2410 31),
1317 2324 1567 2390 Atheniensium

216 2499 219 2504 ,
259 2431 374 2496 deinde
393 2432 519 2496 exsules
532 2431 689 2516 neglectis
704 2431 1032 2498 Lacedaemoniorum
1047 2431 1144 2496 iussis
1164 2435 1274 2516 aperte
1294 2431 1451 2498 adiuvant
1466 2429 1567 2520 (Hell.

259 2535 351 2622 114,
384 2539 411 2602 1.
456 2538 541 2604 Plut.
570 2561 598 2603 v.
626 2537 700 2621 Lys.
728 2537 801 2624 27),
835 2541 868 2602 et
895 2537 1093 2604 Pausaniam
1125 2539 1159 2602 in
1189 2538 1316 2604 exsules
1350 2539 1385 2602 in
1416 2539 1566 2606 Piraeum

259 2664 405 2710 reversos
442 2644 649 2710 invadentem
686 2641 784 2730 (Hell.
811 2642 844 2708 Π
871 2644 907 2723 4,
935 2645 987 2710 30.
1034 2643 1085 2708 ΠΙ
1113 2642 1148 2730 5,
1176 2641 1211 2730 8)
1250 2649 1283 2708 et
1310 2643 1451 2730 Agidem
1478 2645 1567 2712 Eleis

259 2749 383 2814 bellum
413 2749 606 2816 inferentem
631 2749 730 2836 (Hell.
751 2749 802 2814 111
829 2751 864 2834 2,
891 2750 942 2816 25.
987 2749 1120 2816 Diodor.
1150 2749 1230 2816 XIV
1258 2749 1315 2837 17)
1343 2774 1383 2816 ne
1407 2751 1568 2838 adiuvent,

260 2860 420 2921 recusant.

348 2961 388 3026 In
415 2962 744 3030 Lacedaemoniorum
771 2964 973 3049 principatus
1003 2964 1170 3030 exercendi
1199 2965 1381 3031 rationibus
1411 2967 1567 3051 interpre-

259 3068 366 3136 tandis
391 3071 529 3136 oratoris
547 3071 653 3136 nostri
672 3056 826 3136 iudicium
846 3070 887 3136 ab
907 3070 1166 3136 adversariorum
1186 3073 1349 3136 sententia
1367 3073 1567 3160 distinguen-

260 3176 336 3240 dum
370 3179 430 3242 est.
482 3176 543 3243 Ille
575 3199 626 3242 res
658 3177 807 3262 publicas
837 3177 957 3261 ubique
991 3180 1024 3242 et
1053 3177 1144 3262 leges
1174 3179 1368 3246 constitutas
1398 3183 1431 3244 et
1460 3203 1567 3249 rerum

260 3283 477 3350 communium
515 3305 717 3350 communem
755 3305 825 3350 esse
862 3305 956 3348 usum
994 3283 1160 3349 contendit
1196 3288 1229 3350 et
1259 3283 1568 3372 Peloponnesiorum

259 3390 307 3455 rei
338 3389 487 3473 publicae
517 3390 660 3456 rationes
691 3411 763 3456 cum
796 3389 1026 3456 Thessalorum
1057 3391 1246 3476 eligarchiis
1277 3398 1482 3478 comparatas
1511 3395 1568 3460 oli·

261 3495 411 3580 garchias
439 3496 549 3560 vocari
576 3519 673 3582 posse
701 3500 812 3582 negat,
840 3519 912 3563 cum
940 3500 1009 3562 tam
1036 3519 1174 3582 parvum
1201 3499 1356 3583 oppidum
1384 3501 1470 3586 apud
1493 3502 1567 3566 illos

259 3593 397 3668 inveniri
430 3624 496 3668 non
526 3604 645 3688 possit,
677 3603 769 3670 cuius
801 3625 867 3669 non
899 3604 996 3670 tertia
1027 3625 1103 3688 pars
1136 3603 1255 3670 civium
1286 3606 1483 3690 reipublicae
1514 3607 1565 3672 ad·

260 3709 492 3775 ministrandae
526 3711 688 3795 particeps
718 3711 769 3776 sit.
823 3709 997 3796 Neglectis-
1013 3711 1141 3776 iniuriis
1165 3715 1199 3776 et
1220 3711 1267 3796 vi,
1295 3713 1413 3796 quibus
1442 3713 1565 3779 insulas

261 3820 294 3882 et
325 3816 421 3882 urbes
454 3816 635 3882 maritimas
667 3816 914 3884 Lacedaemonii
947 3818 1134 3902 affecerant,
1170 3817 1221 3882 vel
1257 3821 1334 3888 tunc
1373 3820 1566 3906 afficiebant,

261 3945 397 4008 quarum
430 3922 471 3988 ad
504 3925 686 4008 exemplum
717 3923 908 3990 Thessaliae
938 3945 990 3988 res
1021 3927 1153 4008 accepta
1183 3924 1339 3996 societate
1367 3925 1567 4012 Peloponne-

261 4031 383 4096 siorum
401 4031 615 4096 constitutum
633 4031 674 4096 iri
692 4053 758 4098 non
777 4035 848 4096 erat
867 4030 1050 4115 verisimile,
1074 4052 1185 4098 eorum
1205 4030 1402 4100 Graecorum
1421 4035 1569 4119 exempla

261 4139 368 4222 affert,
395 4137 451 4223 qui
480 4136 649 4204 Graeciam
677 4138 897 4206 continentem
924 4137 1103 4206 incolentes
1130 4137 1456 4206 Lacedaemoniorum
1481 4140 1567 4225 prin·

261 4245 370 4328 cipatu
393 4244 578 4330 utebantur,
602 4249 634 4310 et
656 4246 742 4329 quod
766 4245 933 4312 contendit
955 4245 1017 4312 hoc
1041 4244 1187 4310 adhibito
1211 4243 1308 4310 modo
1326 4245 1438 4330 utique
1456 4269 1567 4312 verum

261 4353 333 4432 est,
352 4351 380 4416 si
407 4350 441 4415 id
469 4352 625 4436 temporis
654 4355 801 4436 spectare
829 4353 1015 4436 statuimus,
1043 4351 1129 4434 quod
1157 4373 1277 4416 annum
1304 4351 1371 4416 404
1396 4354 1568 4438 praecedit,

262 4479 325 4542 quo
350 4456 489 4522 Athenis
513 4458 651 4543 triginta
673 4459 805 4543 tyranni
828 4458 972 4524 inst'tuti
996 4462 1081 4524 sunt.
1126 4455 1199 4522 Hoc
1222 4456 1308 4522 enim
1330 4461 1477 4542 tempore
1495 4459 1567 4524 Elei

144 4653 146 4656 Ι
262 4585 399 4649 quoque,
423 4587 558 4646 quorum
581 4565 742 4632 libertatis
767 4566 915 4650 integrae
939 4569 1050 4632 orator
1067 4567 1180 4630 noster
1202 4563 1399 4630 mentionem
1423 4564 1510 4649 facit
1532 4588 1567 4630 re

260 4689 339 4734 vera
373 4671 466 4734 erant
498 4670 593 4736 liberi
626 4675 658 4736 et
688 4693 794 4756 poena
822 4671 881 4738 illa
911 4671 1003 4758 gravi
1032 4671 1174 4736 nondum
1205 4671 1327 4755 affecti,
1358 4691 1454 4754 quam
1484 4675 1567 4738 teste

262 4774 477 4861 Xenophonte
497 4775 596 4862 (Hell.
614 4777 710 4864 1112,
729 4775 787 4866 21)
807 4799 893 4844 anno
911 4777 990 4862 399,
1013 4775 1158 4844 Diodoro
1178 4773 1271 4862 (XIV
1292 4774 1348 4863 17)
1368 4777 1565 4861 ann0402l1
