3572 5472
779 269 994 332 ..37-

234 431 444 512 monstratur,
468 429 553 513 quod
575 429 627 492 his
651 449 689 492 ex
713 427 985 512 descriptionibus
1010 450 1029 491 a
1052 427 1145 492 nobis
1169 429 1341 493 collectum
1361 431 1419 512 est,
1438 429 1538 494 Thes-

234 535 335 599 saliae
359 557 430 600 esse
454 536 635 619 civitatem,
658 534 697 598 de
723 557 786 618 qua
809 540 934 619 agatur.

322 640 521 706 Accedamus
551 641 591 706 ad
619 641 758 704 alterum
787 661 887 724 genus
916 661 1022 704 rerum
1050 641 1092 704 ab
1114 641 1243 707 Herode
1267 645 1451 728 relatarum,
1475 667 1538 728 quo

233 747 310 812 illae
330 747 535 814 continentur
554 747 796 831 descriptiones,
820 769 900 832 quae
919 749 1022 812 totam
1043 771 1150 814 rerum
1170 749 1399 834 conditionem,
1421 751 1456 814 in
1476 773 1539 835 qua

234 858 382 920 versatur
405 877 512 938 eausa,
535 855 710 920 illustrant.
748 853 831 920 Sunt
854 858 977 919 autem:
1002 857 1146 920 omnium
1170 855 1366 921 Graecorum
1391 858 1540 942 societas,

233 983 340 1026 rerum
359 961 556 1026 Graecarum
581 960 733 1043 conditio,
757 961 987 1026 Thessalorum
1011 963 1194 1047 seditiones,
1217 961 1369 1028 Archelai
1392 969 1425 1030 et
1443 963 1540 1030 Lace·

233 1067 477 1133 daemoniorum
508 1067 625 1152 agendi
649 1067 791 1132 rationes
816 1072 848 1132 et
871 1069 1015 1134 consilia.
1062 1069 1153 1146 Quae
1176 1071 1298 1153 omnia,
1327 1071 1453 1136 etiamsi
1482 1093 1540 1155 per

234 1197 268 1238 se
297 1175 426 1260 singula
454 1197 561 1240 rerum
591 1178 755 1260 gestarum
785 1177 959 1240 memoriae
987 1199 1052 1241 non
1076 1181 1272 1262 repugnent,
1294 1181 1407 1243 nostra
1430 1183 1540 1242 tamen

233 1281 267 1344 in
291 1281 438 1346 oratione
461 1285 532 1346 tum
555 1281 685 1346 demum
708 1303 785 1346 vera
806 1281 919 1345 haberi
942 1286 1109 1367 poterunt,
1138 1285 1166 1348 si
1189 1285 1274 1349 inter
1298 1306 1332 1348 se
1356 1285 1539 1348 consentire

234 1394 268 1453 et
296 1389 334 1452 ad
369 1411 468 1453 unum
496 1388 607 1452 omnia
636 1388 792 1472 temporis
821 1393 1020 1454 momentum
1049 1389 1161 1454 referri
1189 1413 1285 1476 posse
1318 1391 1381 1454 erit
1409 1391 1539 1456 demon-

235 1499 383 1560 stratum.
428 1493 501 1560 Hoc
529 1495 631 1579 igitur
659 1495 754 1559 nobis
783 1495 999 1578 quaerendum
1030 1499 1092 1579 est,
1120 1519 1216 1580 quam
1247 1497 1469 1581 quaestionem
1492 1498 1540 1562 ita

234 1602 455 1686 instituemus,
487 1606 524 1667 ut
556 1601 712 1667 adhibitis
741 1602 878 1666 aliorum
907 1602 1102 1686 scriptorum
1134 1603 1332 1669 testimoniis
1365 1604 1540 1687 videamus,

233 1731 310 1772 num
345 1731 383 1772 ex
412 1709 508 1792 rebus
542 1707 649 1773 allatis
679 1707 836 1792 temporis
870 1709 1046 1792 vestigium
1078 1708 1206 1774 definiri
1235 1711 1355 1795 possit,
1387 1711 1421 1774 in
1454 1709 1540 1796 quod

234 1815 390 1880 orationis
413 1817 543 1880 nostrae
568 1818 795 1899 argumentum
818 1813 921 1878 cadat.
963 1812 1055 1889 Quod
1080 1815 1107 1878 si
1132 1816 1202 1878 fieri
1224 1838 1319 1899 posse
1338 1816 1539 1881 demonstra·

233 1923 388 2006 verimus,
416 1923 504 2006 ipsas
535 1945 586 1992 res
615 1923 793 2007 descriptas
821 1941 925 2004 neque
950 1920 1025 2003 sibi,
1054 1943 1158 2005 neque
1182 1923 1319 1987 aliorum
1344 1925 1539 2007 scriptorum

233 2029 429 2095 testimoniis
456 2050 639 2114 repugnare
669 2032 702 2093 et
724 2051 831 2092 rerum
857 2031 1024 2111 gestarum
1047 2051 1124 2094 vera
1147 2051 1217 2093 esse
1240 2029 1380 2114 vestigia
1409 2029 1538 2094 demon·

235 2139 372 2202 stratum
396 2137 466 2200 erit.

321 2242 465 2306 Primam
498 2244 654 2327 temporis
686 2242 853 2306 notionem
882 2241 1050 2326 exhibent,
1084 2264 1166 2326 quae
1199 2243 1237 2306 de
1265 2241 1419 2310 Archelai
1451 2244 1538 2308 bello

233 2350 509 2433 Peloponnesiaco
538 2350 655 2434 agendi
684 2349 865 2414 rationibus
895 2350 1087 2432 afferuntur,
1111 2349 1197 2413 cadit
1228 2349 1328 2435 igitur
1357 2371 1454 2415 causa
1481 2374 1538 2416 no-

235 2459 303 2520 stra
329 2456 417 2520 intra
445 2477 549 2521 annos
578 2455 644 2520 413
672 2458 705 2520 et
733 2454 807 2519 399.
852 2454 980 2518 Bellum
1009 2453 1123 2518 deinde
1151 2455 1462 2539 Peloponnesiacum
1490 2457 1539 2522 ita
1580 2499 1582 2502 -

233 2566 516 2646 commemoratur,
538 2565 574 2625 ut
592 2563 723 2626 finitum
742 2583 821 2645 esse,
844 2564 900 2625 aut
918 2561 1164 2645 Peloponnesiis
1184 2564 1269 2625 certe
1288 2583 1353 2626 non
1372 2562 1437 2626 iam
1456 2563 1539 2646 peri·

233 2669 341 2733 culum
374 2669 529 2752 praehere
561 2671 721 2752 putemus.
776 2667 894 2732 Omnes
928 2668 1014 2731 enim
1047 2666 1244 2732 Graecorum
1282 2669 1430 2734 civitates
1464 2692 1537 2734 cum

233 2773 498 2840 Lacedaemoniis
522 2775 713 2840 coniunctae
737 2778 824 2859 sunt,
849 2775 904 2859 qui
926 2774 960 2838 id
984 2793 1080 2858 agere
1104 2775 1268 2858 simulant,
1293 2779 1330 2840 ut
1354 2776 1394 2841 ab
1418 2775 1537 2842 Arche-

233 2882 300 2965 lao,
334 2881 410 2966 quia
441 2881 528 2946 bello
557 2881 811 2946 Atheniensibus
845 2881 1011 2946 inferendo
1044 2881 1200 2946 interesse
1229 2883 1385 2968 noluerit,
1417 2905 1537 2966 poenas
1584 2943 1591 2952 .

234 2992 394 3072 expetant.
436 2987 686 3052 Atheniensium
710 2990 819 3053 autem
842 2987 1036 3071 mentiofit,
1059 2993 1097 3052 ut
1120 3010 1255 3070 quorum
1278 3009 1344 3053 non
1367 2989 1433 3052 iam
1451 2989 1537 3054 ratio

232 3094 391 3159 habenda·
404 3095 456 3159 sit.
498 3093 568 3170 Qua
591 3095 808 3180 descriptione
828 3095 1023 3178 adducimur,
1046 3096 1084 3156 ut
1101 3094 1139 3158 de
1159 3115 1196 3158 eo
1215 3117 1323 3158 rerum
1342 3094 1538 3160 Graecarum

234 3205 321 3265 statu
341 3187 533 3286 cogitemus,
558 3201 614 3285 qui
631 3223 776 3288 pugnam
796 3202 881 3286 apud
901 3200 1162 3286 Aegospotamos
1182 3201 1389 3266 commissam
1408 3205 1537 3266 secutus

233 3312 291 3373 est.
338 3307 409 3373 Hac
439 3308 525 3372 enim
557 3330 623 3372 una
656 3308 747 3372 clade
777 3307 1023 3373 Atheniensium
1054 3329 1105 3372 res
1136 3329 1266 3372 eversae
1302 3312 1390 3392 sunt,
1422 3313 1469 3394 et,
1501 3313 1539 3374 ut

233 3415 458 3500 Xenophontis
482 3415 590 3480 verbis
612 3418 696 3498 utar,
720 3411 905 3500 (Hellenica
927 3413 959 3478 ΙΙ
984 3415 1019 3498 2,
1038 3411 1088 3500 6);
1118 3408 1223 3490 εὐθὺς
1241 3411 1296 3478 καὶ
1320 3407 1340 3496 ἡ
1364 3408 1447 3497 ἄλλη
1466 3409 1538 3480 Ἑλ·

234 3519 293 3599 λὰς
319 3517 511 3606 ἀφειστήκει
536 3515 729 3604 Ἀθηναίων
755 3515 837 3604 μετὰ
860 3515 921 3603 τὴν
945 3523 1134 3604 ναυμαχίαν
1158 3515 1245 3603 πλὴν
1267 3522 1418 3603 Σαμίων.
1450 3521 1538 3604 ‘Ipse

233 3629 399 3713 Lysander
435 3627 666 3714 Lampsacum,
703 3626 915 3710 Byzantium,
953 3623 1190 3691 Chalcedonam
1228 3622 1332 3711 (Hell.
1365 3626 1399 3690 II
1432 3628 1465 3710 2,
1497 3626 1539 3713 1),

235 3733 375 3800 Lesbum
398 3735 562 3819 oppressit
589 3731 690 3820 (Hell.
709 3733 741 3798 ΙΙ
766 3733 795 3818 2,
818 3730 864 3820 5),
888 3737 920 3797 et
939 3733 979 3798 ab
999 3733 1248 3798 Atheniensium
1272 3733 1440 3798 obsidione
1463 3755 1536 3798 cum

233 3845 325 3926 parte
353 3840 466 3906 classis
493 3841 528 3906 in
554 3840 680 3905 Ioniam
708 3839 856 3924 revertit,
888 3842 925 3904 ut
957 3838 1089 3904 Samum
1121 3836 1338 3925 potissimum.
1363 3841 1537 3926 subigeret,

234 3943 333 4031 (Plut.
352 3971 380 4012 v.
399 3945 473 4032 Lys.
495 3945 560 4033 14),
577 3946 735 4012 Thraciae
756 3949 864 4011 autem
888 3945 1008 4030 oppida
1030 3945 1071 4010 ad
1090 3945 1418 4012 Lacedaemoniorum
1441 3947 1538 4011 ratio-

233 4075 291 4118 nes
327 4053 510 4119 reducenda
544 4053 703 4119 Eteonico
742 4052 909 4116 mandavit
946 4049 1048 4138 (Hell.
1070 4051 1104 4116 ΙΙ
1133 4053 1167 4136 2,
1191 4049 1234 4138 5).
1287 4050 1368 4116 Cum
1400 4052 1538 4136 denique

233 4159 399 4244 Lysander
418 4161 632 4226 'laudantibus
661 4159 811 4224 omnibus
834 4158 966 4224 Graecis
990 4159 1181 4244 Aeginetae,
1204 4158 1331 4242 Melios,
1357 4156 1539 4242 Scionaeos,
1611 4207 1613 4210 -

234 4271 358 4332 ceteros
395 4267 436 4332 ab
469 4265 722 4333 Atheniensibus
761 4268 909 4351 expulsos
946 4267 983 4330 in
1013 4265 1154 4350 patriam
1191 4265 1355 4330 reduxisse
1392 4263 1540 4328 tradatur

234 4371 334 4458 (Hell.
362 4373 394 4437 II
427 4375 457 4458 2,
485 4375 515 4438 9.
547 4374 631 4439 Plut.
659 4397 688 4438 v.
717 4373 789 4459 Lys
822 4373 890 4460 14),
924 4377 956 4438 et
993 4395 1103 4439 omnes
1136 4371 1362 4457 Peloponnesii
1395 4371 1538 4455 exceptis

235 4478 367 4565 Argivis
395 4480 556 4545 universis
579 4481 680 4564 copiis
703 4477 905 4544 Athenarum
930 4483 1043 4564 portas
1068 4479 1233 4544 obsedisse
1261 4476 1360 4564 (Hell.
1383 4476 1416 4540 II
1439 4478 1470 4562 2,
1495 4476 1539 4562 7),

234 4584 451 4651 Athenienses
480 4608 557 4652 vero
585 4586 691 4651 hieme
721 4585 799 4652 anni
826 4585 923 4670 405l4
952 4587 1120 4650 obsidione
1148 4585 1253 4670 pressi
1280 4587 1413 4667 accepto
1441 4582 1538 4648 Lace·

236 4692 479 4758 daemoniorum
507 4693 691 4778 principatu
718 4715 831 4778 pacem
859 4693 1014 4776 petivisse
1048 4692 1195 4756 dicantur
1226 4689 1325 4775 (Hell.
1347 4691 1381 4754 ΙΙ
1408 4691 1442 4774 2,
1472 4687 1538 4774 11),

235 4799 473 4866 concedendum
507 4800 569 4864 erit
601 4799 865 4866 Lacedaemoniis
897 4818 1009 4887 pugna
1046 4797 1130 4886 apud
1159 4798 1419 4886 Aegospotamos
1453 4817 1537 4865 com·
