3572 5472
687 323 983 386 ...17-

222 489 335 552 tamen
367 481 511 550 eiusdem
541 481 698 554 momenti
726 483 784 546 est.
810 517 847 528 -·
873 480 1069 546 Philostrati
1096 501 1173 546 vero
1197 481 1387 548 auctoritati
1419 481 1526 566 sophi-

219 593 343 657 starum
366 589 556 656 testimonia
578 589 636 653 illa
659 587 921 672 splendidissima
947 608 1128 673 repugnare
1156 588 1359 674 intelligitur,
1382 588 1409 654 si
1432 609 1526 672 repu-

217 699 325 765 tamus
348 696 391 762 ab
416 694 562 780 Herode,
585 695 641 780 qui
662 698 747 760 teste
770 694 973 760 Philostrato
998 691 1135 760 Oritiam
1162 695 1302 760 maxime
1331 695 1527 780 sequebatur

219 807 254 868 et
280 801 408 868 dicendi
429 804 462 868 ri
484 803 638 868 utebatur
661 801 783 866 blanda
802 802 908 886 magis
928 804 961 866 et
978 801 1175 885 subrepenti,
1199 823 1297 886 quam
1315 801 1524 866 vehementer

218 907 355 974 instanti
388 913 422 974 et
455 910 563 992 gravi,
596 908 787 976 facultatem
819 907 947 974 dicendi
979 908 1161 991 exspectari
1196 929 1263 973 non
1297 930 1407 992 posse,
1444 929 1526 992 quae

217 1015 437 1097 sophistarum
459 1015 518 1082 illo
541 1011 697 1097 βασιλεὺς
719 1011 831 1097 λόγων
854 1019 888 1078 ct
910 1037 993 1098 quae
1016 1017 1093 1080 sunt
1115 1014 1237 1080 similia
1259 1014 1359 1099 digna
1381 1015 1432 1080 sit.

307 1121 425 1194 Restat
452 1122 554 1208 igitur
583 1123 699 1188 ceteris
726 1122 922 1188 testimoniis
950 1121 1079 1186 reiectis
1108 1121 1299 1205 descriptio,
1326 1143 1423 1204 quam
1451 1113 1549 1187 sim-⁵

191 1299 195 1306 ,
219 1229 337 1312 plicem
360 1232 394 1293 et
415 1229 448 1296 in
468 1228 612 1304 ¹Herodis
635 1229 762 1294 ratione
784 1229 911 1294 dicendi
933 1232 1119 1294 versantem
1144 1227 1276 1294 exhibet
1294 1227 1527 1313 Philostratus,

221 1356 286 1417 qua
307 1356 368 1402 nos
391 1335 443 1400 usi
460 1357 574 1402 norma
593 1337 688 1421 quasi
710 1339 743 1400 et
767 1357 920 1402 mensura
938 1335 1035 1401 certis
1053 1335 1147 1403 notis.
1161 1335 1295 1401 definita
1318 1337 1524 1421 eloquentiae

220 1438 390 1510 Herodeae
404 1441 596 1526 effingamus
613 1443 799 1528 imaginem,
813 1443 864 1508 cui
881 1465 960 1508 num
978 1442 1174 1527 respondeat
1187 1441 1268 1508 haec
1281 1447 1396 1509 nostra
1410 1443 1526 1521 oratio,

221 1547 429 1630 subsequenti
452 1549 640 1632 quaestione
663 1549 903 1615 diiudicandum
926 1550 997 1614 erit.

306 1652 500 1726 Philostrati
516 1655 734 1740 descriptione
752 1656 904 1721 doeemur
916 1653 1080 1722 Herodem
1095 1654 1130 1718 in
1149 1655 1380 1739 componendis
1402 1656 1525 1720 oratio·

217 1759 314 1832 nibus
343 1759 449 1826 medio
482 1761 623 1846 quodam
650 1766 683 1826 et
706 1763 786 1826 satis
813 1765 995 1845 temperato
1023 1760 1149 1827 dicendi
1177 1783 1293 1847 genere
1325 1785 1420 1827 usum
1455 1785 1525 1828 esse

217 1859 252 1949 (ἡ
272 1861 310 1930 ct
327 1860 473 1952 ἁρμονία
492 1869 554 1933 τοῦ
576 1865 681 1962 λόγον
705 1868 827 1945 incede
846 1864 1102 1953 κεκολασμένῃ),
1126 1889 1309 1934 sermonem
1332 1869 1401 1934 eius
1423 1869 1525 1934 fuisse

219 1994 351 2038 suavem
381 1977 413 2038 et
438 1979 619 2059 venustum,
644 1975 822 2058 figurarum
851 1974 1050 2040 ornamentis
1085 1974 1318 2061 abundantem,
1351 1976 1524 2041 verborum

218 2083 415 2148 structuram
451 2081 625 2165 prudenter
663 2084 917 2148 commutantem
954 2077 1024 2166 (καὶ
1050 2074 1136 2164 ἡδὺς
1169 2075 1187 2147 ὁ
1215 2077 1314 2164 λόγος
1342 2079 1399 2146 καλ
1425 2087 1525 2148 πολο-

218 2180 383 2270 σγήματος
409 2187 465 2256 καλ
489 2183 664 2274 εὐσχήμων
687 2185 742 2254 καί
766 2189 879 2272 σοφῶς
901 2183 1132 2274 ἐξαλλάττων).
1177 2187 1371 2272 Figuramm
1399 2189 1525 2272 copiam

218 2293 346 2376 saepius
370 2299 604 2360 commemorat
625 2295 856 2380 Philostratus,
879 2293 969 2358 velut
992 2315 1023 2378 p.
1043 2294 1121 2360 625:
1146 2293 1336 2381 (Λίλιανὸς)
1360 2291 1525 2378 ἐθαύμαζε

212 2389 256 2462 Ιδι)
282 2395 343 2466 τὸν
365 2388 521 2486 Ἠροίδιγν
543 2395 589 2478 ὡς
611 2398 851 2470 ποικιλώτατον
875 2397 1040 2487 ρητόρων,
1067 2437 1104 2450 -
1133 2405 1167 2466 et
1188 2424 1219 2485 p.
1242 2400 1322 2466 592:
1346 2400 1524 2488 (Χρῆστος)

216 2503 279 2590 τὴν
307 2503 345 2572 δέ
369 2508 464 2576 ίδέαν
490 2511 558 2576 τῶν
586 2506 699 2592 λόγων
724 2511 931 2576 πεποίκιλται
955 2507 992 2574 έιι
1013 2509 1082 2574 τῶν
1103 2503 1260 2593 Ἡρώδου
1287 2508 1525 2593 πλεονεκτημά-

216 2635 293 2678 των.
335 2611 471 2680 Dicendi
489 2617 538 2682 vis
555 2619 591 2681 et
608 2616 749 2699 impetus
773 2615 911 2681 blandus
935 2616 1041 2698 magis
1065 2619 1136 2680 erat
1159 2619 1193 2679 et
1216 2615 1405 2700 subrepens,
1428 2637 1525 2700 quam

217 2721 360 2805 graviter
386 2722 584 2808 incumbens,
608 2723 742 2808 spiritus
771 2725 880 2788 autem
903 2744 970 2788 non
992 2721 1180 2806 vehemens,
1209 2720 1267 2787 sed
1289 2722 1372 2788 lenis
1396 2728 1429 2787 et
1452 2743 1524 2787 eon-

217 2830 308 2896 stans
331 2825 400 2913 (καὶ
422 2823 443 2912 ἡ
468 2824 620 2913 δεινότης
641 2823 840 2914 ὑφέρποντα
863 2829 1004 2914 μᾶλλον,
1021 2821 1043 2912 ἢ
1063 2826 1246 2914 ἐγκειμένη,
1269 2865 1313 2876 ——
1333 2825 1372 2894 τὸ
1394 2826 1524 2914 πνεῦμά

121 2993 125 3002 .
215 2958 251 3006 τε
280 2930 325 3002 οὐ
353 2933 525 3023 Ισφοδρόν,
557 2931 642 3002 ἀλλὰ
675 2941 768 3002 λεῖον
784 2929 787 2934 ’
802 2934 858 3002 καί
891 2932 1121 3022 καθεστηκός).
1172 2935 1419 3020 Magnificentia
1451 2958 1524 3002 eon-

217 3043 328 3112 iuncta
366 3046 436 3109 erat
469 3065 542 3110 cum
579 3043 791 3127 simplicitate
825 3039 958 3129 (κρότος
979 3067 1014 3110 τε
1045 3038 1111 3108 σὺν
1142 3035 1294 3129 ἀφελείᾳ)
1326 3046 1360 3108 et
1390 3043 1524 3108 affectus

217 3148 368 3214 movendi
387 3149 525 3216 artificio
545 3150 699 3216 utebatur
716 3171 782 3217 non
801 3151 908 3216 solum
931 3173 970 3216 ex
993 3148 1164 3236 tragoedia
1186 3149 1318 3231 hausto,
1342 3149 1400 3214 sed
1424 3150 1524 3214 etiam

218 3276 256 3320 ex
278 3254 351 3338 ipsa
372 3277 481 3320 rerum
502 3256 718 3321 humanarum
741 3257 925 3323 conditione
953 3259 1141 3341 comparato
1172 3252 1242 3341 (καὶ
1268 3249 1307 3320 τὸ
1334 3252 1523 3338 παθητικὸν

219 3354 281 3426 οὐκ
297 3358 335 3426 έιι
351 3361 410 3444 τῆς
426 3363 614 3450 τραγῳδίας
636 3359 755 3447 μόνον,
779 3357 863 3430 ἀλλὰ
886 3359 950 3430 κίοι
966 3371 1035 3430 τῶν
1053 3358 1284 3448 ἀνθρωπίνων
1303 3362 1524 3451 συνελέξατο).

217 3463 413 3552 Sententiae,
434 3489 517 3552 quae
539 3489 606 3534 non
626 3469 721 3536 alteri
739 3469 775 3534 in
793 3474 937 3536 mentem
954 3469 1112 3554 venirent,
1129 3491 1196 3534 non
1214 3470 1348 3535 deerant
1366 3473 1400 3536 et
1418 3470 1524 3536 facete

220 3573 308 3640 dieta
329 3595 394 3640 nou
418 3597 435 3639 e
458 3575 636 3662 longinquo
660 3578 916 3662 arcessebantur,
939 3577 995 3643 sed
1018 3599 1057 3641 ex
1079 3578 1153 3660 ipsa
1170 3598 1205 3640 rc
1223 3575 1430 3659 profluebant
1454 3572 1523 3662 (καὶ

218 3681 347 3746 ἔννοιαι
375 3672 443 3746 οἷαι
471 3677 515 3766 μὴ
544 3679 643 3770 ἑτέρῳ
671 3681 911 3768 ἐνθυμηθῆναι
938 3679 1066 3768 κωμική
1098 3705 1133 3748 τε
1164 3677 1345 3766 εὐγλωττία
1378 3676 1440 3746 οὐκ
1470 3680 1524 3746 ἐπ-

220 3786 371 3870 έσαιιτος,
398 3781 470 3854 ἀλλ’
501 3787 538 3856 ἐκ
563 3790 633 3855 τῶν
659 3788 886 3875 πραγμάτων).
937 3791 1029 3868 Quod
1057 3790 1194 3874 denique
1221 3789 1423 3854 voluntatem
1451 3810 1523 3872 pro-

219 3894 325 3977 priam
347 3899 381 3960 et
403 3895 574 3979 iudicium,
595 3900 647 3962 vel
669 3897 778 3980 potius
800 3895 913 3962 iudicii
940 3896 1086 3981 inopiam
1108 3895 1249 3962 Herodis
1279 3897 1313 3960 et
1339 3895 1524 3979 aequalium

219 3999 396 4082 significat,
424 4003 639 4086 comperimus
657 4000 821 4068 Herodem
840 4002 991 4068 omuibus
1012 4003 1155 4086 antiquis
1179 4001 1366 4068 oratoribus
1390 4022 1523 4084 operam

220 4105 345 4173 dedisse
373 4109 407 4170 et
433 4108 574 4174 maxime
603 4105 739 4174 Oritiam
762 4109 928 4174 imitahrm
951 4129 1035 4192 esse,
1063 4129 1159 4192 quem
1187 4107 1242 4172 diu
1268 4107 1467 4192 neglectum
1485 4129 1524 4172 ex

218 4193 403 4297 templorum
427 4213 590 4278 oblivione
617 4215 653 4278 in
681 4213 867 4299 aequalium
894 4213 1153 4279 familiaritatem
1179 4214 1389 4278 revocaverit.
1431 4211 1521 4289 Quae

182 4335 193 4410 )
216 4341 269 4384 res
292 4339 366 4384 eum
388 4318 529 4386 multum
550 4320 659 4386 valeat
681 4322 722 4387 ad
747 4321 928 4387 accuratius
956 4320 1171 4386 definiendam
1201 4324 1234 4384 et
1261 4319 1522 4404 amplificandam

219 4447 366 4494 normam
396 4430 430 4492 et
458 4425 636 4512 imaginem
673 4427 873 4516 eloquentiae
905 4425 1087 4512 Herodeac,
1122 4447 1189 4492 nou
1221 4426 1363 4490 alienum
1396 4425 1525 4490 videtur

219 4555 289 4597 esse
322 4533 363 4598 ab
395 4532 457 4598 hac
488 4534 676 4618 quaestione
705 4533 769 4599 hcc
798 4533 870 4598 loeo
899 4533 1102 4617 eloquentiae
1155 4530 1319 4597 Critianae
1346 4533 1522 4616 imaginem

219 4639 310 4706 brevi
332 4644 585 4724 repracsentare,
607 4661 705 4724 quam
725 4640 822 4706 Blass
848 4640 884 4706 in
901 4640 978 4706 libri
1001 4641 1060 4724 sui,
1079 4660 1175 4724 quem
1193 4639 1360 4723 inscripsit
1372 4637 1523 4704 Attische

218 4740 474 4830 Beredsamheit,
495 4749 585 4812 tomo
608 4745 625 4810 I
648 4769 679 4830 p.
702 4748 769 4812 265
792 4770 840 4833 sq.
862 4746 1119 4812 luculentissime
1142 4744 1323 4829 descripsit.

309 4851 430 4918 Critias
453 4853 554 4937 igitur
571 4853 657 4921 iuter
674 4854 811 4920 iunioris
825 4853 992 4920 Atticismi
1011 4856 1159 4919 auctores
1177 4855 1374 4918 numeratur.
1407 4852 1523 4937 Digni-

1293 4964 1309 5011 a
