3572 5472
791 299 1008 363 ..22-

339 459 510 543 Asyndeta
534 458 663 542 saepius
688 464 895 542 usurpantur.
940 458 991 523 Ita
1020 457 1227 524 distractione
1255 481 1332 524 usus
1361 459 1442 524 satis
1470 458 1558 542 dura,

249 587 347 651 quam
369 559 555 631 άπόστασιν
583 568 699 630 vocant
727 565 944 651 grammatici,
974 587 1012 628 ex
1039 565 1205 648 prooemio
1229 565 1269 629 ad
1293 587 1421 630 causam
1445 565 1557 648 adgre-

249 673 336 738 ditur
363 675 487 738 noster:
519 671 654 756 πράτον
680 667 742 754 μὲν
770 665 816 748 ὡς
843 665 977 755 άγαθόν
1004 669 1072 735 ἐστι
1095 693 1123 734 κ.
1146 693 1172 735 τ.
1196 675 1240 753 λ,
1269 671 1437 738 eteoclem
1460 671 1556 736 modo

250 778 507 844 adversariorum
526 778 684 864 quaedam
703 777 865 842 dubitatio
885 775 1063 842 inducitur:
1084 781 1164 854 ίσως
1182 772 1225 842 άν
1243 800 1292 854 τις
1311 783 1397 844 είποι
1451 801 1478 844 κ.
1488 800 1515 842 τ.
1530 781 1557 844 λ.

339 885 507 970 Asyndeta
524 885 650 951 leniora
667 883 747 949 haec
767 887 855 949 sunt:
874 886 933 968 μία
951 879 1013 967 μὲν
1032 877 1115 966 αῦτη
1134 879 1312 969 πρόφασις,
1330 921 1366 932 -
1385 881 1441 950 διὰ
1455 877 1556 952 ταῦθ’

250 986 331 1076 ἡμῖν
365 991 491 1067 έκείνος
521 985 676 1075 άχθεται,
704 1028 748 1037 -
778 985 865 1056 οὕτω
893 985 954 1074 μὲν
984 983 1087 1054 αὐτὸν
1114 986 1299 1073 βούλεσθαι
1326 991 1488 1076 πέφυκεν,
1518 1029 1555 1038 -
1649 1040 1652 1044 -

249 1096 378 1173 τούτων
401 1095 537 1164 πάντων
559 1095 614 1162 καλ
635 1094 757 1182 ἑτέρων
774 1097 920 1180 πολλάν,
938 1133 982 1143 κ-
1002 1093 1181 1182 διδάξομεν
1200 1091 1323 1176 αύτούς
1340 1093 1443 1180 τάύτά
1462 1099 1558 1182 δρῦν,

251 1243 292 1253 ·-
303 1201 410 1271 πολύν
425 1201 550 1290 χρόνον
564 1204 760 1287 ποθοῦντες,
777 1197 893 1287 ὀλίγον
903 1200 1029 1288 χρόνον
1043 1203 1183 1287 ίδόντες,
1197 1243 1234 1251 -
1247 1202 1405 1290 τοιαύτην
1419 1229 1467 1288 γε,
1481 1205 1557 1270 οίαυ

250 1306 344 1396 ἡμεῖς
362 1361 369 1377 .
385 1365 391 1378 ,
407 1359 430 1395 .,
447 1348 484 1358 -
502 1311 606 1377 ταῦτα
624 1305 753 1394 άνάγκη
772 1306 833 1375 τὸν
852 1307 956 1394 λόγον
968 1305 1029 1376 τὸν
1042 1309 1111 1376 τῶν
1124 1305 1365 1389 ἀντιλεξάντων
1381 1309 1558 1378 δύνασθαι.

339 1417 553 1502 Polysyndeti
581 1417 763 1502 exemplum
791 1417 857 1481 iam
887 1418 997 1503 attuli,
1026 1419 1163 1482 alterum
1186 1419 1247 1482 hoc
1271 1421 1334 1483 est:
1366 1419 1481 1495 παῖδες
1504 1417 1559 1484 καὶ

251 1526 407 1608 γυναίκες
429 1521 484 1588 καλ
507 1521 643 1608 πατέρες
665 1521 819 1608 γέροντες
838 1521 893 1589 καὶ
912 1522 1048 1609 μητέρες
1066 1521 1192 1609 θεωροὶ
1210 1521 1425 1609 κατέστησαν,
1448 1548 1476 1589 κ.
1489 1548 1516 1589 τ.
1531 1529 1558 1589 λ.

255 1670 293 1678 -
318 1630 498 1716 Anaphora
520 1630 697 1695 identidem
721 1631 874 1716 occurrit,
902 1631 992 1697 cuius
1015 1635 1145 1716 praeter
1168 1631 1234 1696 iam
1258 1633 1358 1697 allata
1380 1632 1461 1698 haec
1483 1638 1559 1698 sunt

252 1738 414 1822 exempla:
434 1738 470 1802 οί
485 1733 547 1821 μὲν
565 1733 803 1821 ἀσθενέστεροι
823 1785 890 1820 ...,
915 1737 950 1802 oi
966 1732 997 1801 δ’
1020 1733 1130 1821 ὅμοιοι
1150 1781 1216 1821 ...,
1241 1739 1277 1803 ci
1293 1732 1324 1802 δ’
1346 1739 1480 1824 ίσχυροί
1497 1789 1503 1805 .
1518 1789 1525 1804 .
1540 1787 1559 1822 .,

255 1883 292 1893 -—
320 1845 356 1910 οί
379 1840 440 1928 μὲν
464 1843 631 1928 πατέρων,
663 1845 701 1908 αί
727 1840 758 1908 δ’
789 1838 942 1930 ἀνδρῶν,
973 1845 1009 1908 οί
1034 1841 1071 1908 δὲ
1098 1845 1247 1927 παίδων,
1281 1846 1317 1909 οί
1341 1841 1403 1930 μὲν
1428 1893 1496 1928 ...,
1526 1847 1562 1911 οί

253 1949 289 2018 δὲ
314 2000 382 2036 ...,
410 1952 516 2027 οίκίας
540 1947 577 2015 δὲ
600 1998 662 2032 ...,
689 1987 727 1996 —
753 1949 789 2015 έν
814 1945 961 2034 μὲνγὰρ
989 1951 1034 2038 τῷ
1063 1949 1179 2040 ξενικῷ
1207 1951 1338 2040 πολέμφ
1363 1999 1429 2034 ...,
1458 1949 1494 2016 έν
1522 1947 1559 2016 δέ

252 2060 297 2146 τῷ
320 2057 476 2146 πολιτικῷ
496 2106 548 2122 ...
574 2093 612 2103 -
633 2051 692 2122 etv
713 2051 744 2121 d’
766 2055 960 2144 ἐγχειρῶσιν
980 2105 1047 2139 ...,
1070 2052 1130 2122 έάν
1151 2053 1188 2122 δὲ
1206 2054 1488 2142 προγινώσκωμεν
1507 2107 1559 2123 ...

253 2165 326 2232 Duo
350 2169 518 2250 praeterea
542 2165 698 2249 exempla,
723 2187 805 2249 quae
828 2165 986 2230 latissime
1010 2168 1132 2248 patent,
1155 2165 1290 2248 praebet
1314 2165 1470 2251 epilogus.

341 2273 431 2337 Inter
460 2272 691 2337 sententiarum
720 2271 843 2356 figuras
867 2271 988 2336 mentio
1012 2270 1077 2334 iam
1106 2271 1194 2336 facta
1222 2274 1272 2336 est
1294 2271 1559 2357 interrogationis

253 2384 287 2446 et
310 2378 545 2464 responsionis,
573 2379 625 2442 vel
654 2378 940 2462 praesumptionis,
968 2399 1104 2461 quarum
1128 2377 1276 2461 exempla
1299 2401 1357 2461 pro
1381 2379 1559 2466 exiguitate

254 2486 411 2552 orationis
435 2485 540 2550 multa
564 2488 649 2569 sunt,
673 2484 775 2548 velut:
798 2485 906 2549 καίτοι
925 2485 994 2560 πως
1013 2477 1054 2548 ού
1074 2479 1189 2549 δεινὸν
1208 2479 1349 2560 τούτους
1370 2486 1468 2571 κοινῇ
1490 2484 1559 2570 τρέ-

254 2617 347 2678 φειν,
380 2595 417 2658 οἳ
440 2588 502 2677 την
528 2591 629 2657 πόλιν
657 2585 699 2656 ού
726 2581 846 2676 κοινὴν
872 2584 954 2675 ἡμίν
982 2589 1177 2676 παρέχουσα
1206 2589 1333 2656 deinde:
1356 2593 1391 2656 τί
1410 2585 1474 2677 γάρ
1499 2585 1560 2656 ούκ

254 2697 383 2782 ἐγένετο
416 2698 485 2763 τῶν
516 2699 681 2782 μεγίστων
712 2697 839 2775 κακῦυ;
869 2702 914 2763 ct:
947 2698 1013 2762 νῦν
1045 2693 1083 2762 δὲ
1114 2698 1150 2760 τί
1174 2693 1344 2781 φήσομεν,
1371 2692 1467 2763 αύτολ
1497 2694 1559 2781 γὰρ

254 2801 396 2890 ἥκουσιν
419 2799 503 2889 ὑπὲρ
526 2799 622 2888 ἡμῶν
644 2801 699 2868 καὶ
717 2805 776 2889 τῆς
794 2799 954 2890 ἡμετέρας
973 2802 1146 2881 ἐθέλοντες
1164 2800 1386 2870 κινδυνεύειν.
1423 2805 1559 2870 Formae

255 2913 353 2977 etiam
386 2910 673 2975 artificiosissimae
702 2909 939 2995 interrogandi,
971 2933 1067 2995 quam
1096 2905 1277 2996 ὑποφοράν
1307 2911 1430 2996 dicunt,
1454 2915 1561 2976 exstat

255 3019 444 3102 exemplum.
481 3017 700 3100 interrogatio
721 3017 895 3102 generalis:
918 3010 1000 3101 ἡμῖν
1024 3013 1061 3082 δὲ
1084 3019 1134 3094 τίς
1156 3013 1255 3101 λόγος
1278 3009 1504 3096 ῦπολείπεται;
1527 3018 1561 3081 in

254 3125 365 3208 plures
398 3126 509 3208 partes
542 3122 709 3207 dividitur,
742 3145 877 3208 quarum
911 3124 1024 3208 cuique
1056 3145 1115 3206 per
1149 3124 1349 3208 anaphoram
1381 3117 1561 3208 particulae

255 3225 339 3296 άλλά
367 3230 517 3295 inductae
540 3230 707 3313 responsio
736 3231 786 3294 vel
815 3229 969 3295 refutatio
998 3229 1138 3294 additur:
1166 3226 1309 3315 κότερον
1333 3223 1378 3306 ὡς
1404 3223 1466 3294 οῦκ
1491 3223 1561 3294 άδι-

254 3333 422 3420 κούμεθα;
442 3373 483 3382 -
506 3331 685 3420 διδάξομεν
705 3329 828 3412 αύτούς
845 3329 949 3400 ταύτδι
969 3335 1064 3419 δρῦν,
1088 3331 1170 3417 άπερ
1195 3335 1320 3412 ἐκεῖνος
1320 3385 1462 3402 .......
1486 3329 1558 3400 ἀλλ’

256 3438 447 3508 άδικεϊσθαι
475 3439 536 3524 μὲν
563 3437 732 3527 φήσομεν,
759 3436 950 3526 άμύνεσθαι
975 3435 1007 3505 δ’
1034 3437 1075 3508 ού
1103 3439 1312 3528 βουλόμεθα;
1340 3437 1469 3525 πολλὴν
1497 3437 1562 3526 άρα

257 3551 385 3615 δειλίαν
404 3545 587 3634 ποιήσομεν
603 3598 698 3615 .....
714 3543 797 3614 άλλδι
816 3545 1001 3632 βούλεσθαι
1024 3547 1096 3634 μέν,
1116 3546 1287 3615 δύνασθαι
1308 3542 1339 3612 δ’
1362 3543 1420 3627 οῦς
1435 3551 1484 3626 τίς
1499 3539 1562 3614 οῦν

256 3650 298 3722 οῦ
325 3651 572 3740 καταφρονήσει
599 3655 657 3738 τῆς
685 3651 860 3740 δυνάμεως
882 3649 979 3740 ἡμῶν
1006 3679 1035 3720 κ.
1053 3679 1080 3721 τ.
1099 3659 1127 3720 λ.
1183 3655 1273 3732 Quae
1301 3655 1430 3740 quidem
1457 3657 1562 3740 figura

257 3783 401 3827 summae
420 3761 600 3827 alacritatis
619 3763 757 3846 speciem
779 3767 812 3828 et
830 3764 940 3829 vivum
960 3763 1120 3847 quendam
1140 3761 1280 3828 orationi
1299 3762 1439 3828 colorem
1459 3762 1561 3826 affert.

256 3867 364 3933 Minus
384 3867 569 3952 artificiosa,
591 3867 755 3946 rhetorica
774 3874 883 3935 tamen
903 3873 935 3934 et
954 3871 1046 3954 quasi
1065 3869 1245 3936 dramatico
1262 3867 1483 3954 praesumptio
1504 3867 1562 3952 est,

258 3975 286 4040 si
308 3997 376 4040 non
394 3974 479 4058 quod
499 3973 583 4040 obici
601 3974 707 4057 possit
728 3997 787 4058 per
810 3975 1100 4061 interrogationem
1119 3975 1266 4059 dicentis,
1285 3976 1340 4040 sed
1359 3975 1432 4058 ipsa
1450 3974 1561 4038 adver-

258 4082 416 4146 sariorum
448 4081 547 4146 verba
578 4081 788 4166 inducuntur,
817 4083 912 4166 quale
941 4086 992 4148 est
1020 4083 1105 4166 apud
1132 4085 1293 4147 nostrum:
1327 4087 1407 4156 ίσως
1437 4075 1484 4144 άν
1512 4103 1563 4158 τις

257 4193 355 4271 είκοι,
375 4180 446 4251 ἀλλ’
469 4181 665 4271 ὀλιγαρχίαν
684 4181 877 4272 ἁπανταχοῦ
900 4189 1087 4254 καθιστᾶσι.
1124 4183 1283 4271 τοιαύτην
1301 4209 1350 4271 γε,
1370 4187 1446 4252 οἵαν
1468 4181 1563 4272 ἡμεῖς

257 4287 433 4378 εὐχόμενοι
456 4288 564 4358 πολὺν
587 4289 712 4379 χρόνον
734 4291 790 4360 καλ
808 4295 996 4372 ποθοῦντες
1010 4344 1106 4360 .....
1120 4289 1349 4382 άφηρέθημεν.

347 4398 495 4465 Occurrit
517 4400 603 4465 inter
626 4401 860 4467 sententiarum
883 4403 1003 4487 figuras
1033 4401 1139 4466 ironia
1168 4423 1307 4486 quoque:
1338 4395 1467 4484 πολλὴν
1498 4399 1563 4485 ἄρα

258 4505 387 4569 δειλίαν
406 4501 591 4590 ποιήσομεν
613 4517 683 4584 τοῖς
705 4503 925 4590 βουλομένοις
947 4500 1034 4591 ημάς
1055 4507 1164 4584 κακῶς
1187 4507 1284 4592 δρῦν,
1308 4510 1340 4570 et
1364 4507 1466 4572 altero
1490 4509 1561 4572 loco

257 4606 502 4695 φυλασσόμεθα
525 4610 642 4691 ξένους
669 4616 702 4678 ct
724 4613 831 4698 ipsum
855 4613 983 4678 videtur
1005 4613 1127 4678 ironice
1150 4614 1272 4679 dictum
1296 4635 1381 4697 esse,
1406 4636 1486 4698 quae
1510 4636 1561 4678 ex·

257 4717 365 4802 empla
395 4715 546 4803 κωμικήν
574 4720 665 4784 illam
690 4719 830 4786 Herodis
863 4715 1065 4803 εύγλωττίαν
1094 4720 1255 4805 redolent,
1280 4721 1399 4805 quippe
1423 4743 1504 4806 quae
1530 4725 1563 4786 et

258 4825 390 4890 acerbas
415 4828 448 4890 et
469 4825 595 4892 iocosas
619 4827 755 4894 facetias
780 4826 964 4914 significare
987 4827 1100 4912 possit.
